5400 6759
2531 503 2560 517 Η

2526 525 2567 565 D

910 818 1049 879 und
1114 818 1403 878 machen
1474 816 1723 877 daraus
1790 813 1895 875 ein
1962 833 2136 895 opus
2207 822 2584 893 operatum,
2649 831 2806 893 wye
2874 813 3054 873 auch
3116 828 3274 871 auss
3322 807 3483 871 dem

910 952 1331 1025 Sacrament,
1372 953 1502 1015 wie
1533 972 1760 1025 zuuor,
1792 953 1881 1014 da
1911 949 2108 1012 leufft
2139 969 2213 1012 es
2240 949 2500 1012 widder
2517 949 2651 1021 hin,
2699 949 2767 1010 in
2795 948 3093 1030 speciem
3117 946 3484 1028 Evangelii

912 1101 981 1153 et
1028 1090 1236 1153 Fidei.
1328 1088 1498 1153 Gott
1543 1100 1792 1151 stewre
1837 1090 1993 1151 dem
2038 1086 2321 1150 Teuffel.

966 1506 1010 1546 1.
1080 1484 1468 1564 Prophetae
1525 1492 1826 1566 arguunt
1879 1495 1949 1544 et
1990 1483 2502 1564 reprehendunt
2548 1478 2987 1562 εἰδωλατρίας.

961 1643 1014 1684 2.
1081 1619 1532 1692 Eldwstatriae,
1578 1631 1754 1691 sunt,
1801 1619 2191 1701 quicunque
2238 1629 2621 1700 sequuntur
2669 1637 2832 1679 suas
2924 1616 3296 1678 electiones
3343 1616 3489 1677 sine

1084 1771 1322 1841 aperto
1369 1761 1582 1821 verbo
1629 1768 1699 1820 et
1743 1759 2068 1820 mandato
2118 1757 2264 1818 Dei.

960 1918 1013 1975 3.
1082 1896 1274 1979 Ergo
1364 1895 1642 1977 proprie
1720 1894 2072 1976 pertinent
2166 1894 2508 1974 prophete
2588 1894 2919 1954 aduersus
3001 1889 3347 1954 sacrificos
3421 1903 3490 1951 et

1088 2033 1453 2115 episcopos
1498 2042 1889 2094 nostrorum
1938 2041 2355 2111 temporum.

1687 2528 1913 2577 Vorrede
1948 2526 2057 2575 auff
2086 2527 2183 2574 den
2222 2525 2509 2591 Propheten
2541 2526 2725 2589 Jesaia.

1092 2650 1203 2712 Ex
1260 2649 1565 2712 moribus
1630 2648 1863 2730 populi
1910 2656 2286 2709 nascuntur
2333 2647 2745 2728 propheciae
2793 2647 2878 2708 de
2924 2645 3492 2727 promissionibus

922 2789 1009 2849 de
1055 2787 1309 2868 poenis.

1091 3181 1222 3263 Qui
1291 3193 1449 3263 post
1515 3200 1642 3242 nos
1706 3180 1949 3242 victuri
1998 3191 2175 3254 sunt,
2242 3180 2668 3242 mirabuntur
2717 3179 3186 3251 Maximiliani,
3256 3178 3497 3244 Caroli.

920 3319 1330 3382 Ferdinandi
1408 3317 1699 3392 nomina,
1786 3321 1909 3381 sed
1970 3319 2239 3392 frustra,
2309 3319 2467 3401 quia
2553 3338 2691 3380 non
2759 3329 3101 3381 noverunt
3183 3318 3493 3380 ordinem

918 3457 1367 3531 comitiorum,
1401 3478 1537 3539 quo
1584 3457 1910 3520 videlicet
1955 3458 2243 3520 mutatio
2276 3456 2625 3540 religionis
2658 3457 2960 3538 coeperit
2994 3469 3063 3519 et
3094 3476 3231 3537 quo
3263 3456 3497 3534 modo,

1090 3851 1360 3933 Quaere
1422 3853 1487 3913 in
1553 3851 1726 3913 libro
1780 3872 2037 3934 magno
2086 3852 2393 3915 Vetteris
2462 3839 2894 3915 Testamenti
2959 3852 3260 3924 Lutheri,
3338 3852 3492 3934 quis

918 3988 1119 4051 fuerit
1150 3989 1451 4071 Moyses
1499 3999 1568 4051 et
1599 3991 1944 4071 quomodo
1990 4000 2140 4052 tota
2170 3991 2411 4072 lingua
2437 3990 2723 4053 Hebrea
2761 3990 2848 4053 sit
2880 3991 3378 4071 comprehensa
3421 3990 3492 4051 in

918 4127 1219 4208 quinque
1266 4126 1454 4188 libris
1501 4127 1748 4208 Moysi.
1839 4127 1931 4190 Et
1977 4130 2161 4210 quod
2212 4129 2517 4191 omniurn
2568 4138 2673 4190 est
2722 4127 3114 4199 maximum,
3164 4147 3286 4188 cur
3333 4128 3496 4189 data

924 4264 1010 4324 sit
1056 4264 1220 4336 Lex,
1270 4264 1551 4325 Numeri
1598 4263 1759 4325 XV.
1827 4263 2009 4326 Dass
2059 4266 2193 4326 alle
2222 4264 2616 4347 Propheten
2662 4262 2773 4326 fur
2817 4284 3129 4347 grossem
3177 4284 3495 4325 verwun-

922 4402 1107 4472 dern,
1154 4420 1310 4482 wye
1345 4402 1467 4461 das
1514 4401 1718 4462 volck
1741 4399 1986 4463 Gottes
2033 4401 2258 4463 seines
2291 4401 2521 4464 Herrn
2568 4403 2720 4464 hett
2769 4363 3150 4483 vergessen
3194 4402 3493 4474 konnen,

924 4549 1227 4599 mussten
1275 4539 1584 4599 schelten
1634 4539 1772 4600 und
1804 4539 2264 4600 verdammen.
2334 4537 2430 4600 Es
2464 4538 2553 4600 ist
2586 4558 2715 4621 gar
2746 4549 2860 4600 tzu
2908 4538 3058 4600 viel.
3108 4538 3292 4600 Rho.
3335 4559 3381 4599 1.
3418 4558 3490 4599 2:

928 4674 1089 4737 Und
1145 4676 1275 4736 alle
1322 4676 1732 4755 propheten,
1801 4675 1929 4736 wie
1976 4695 2125 4757 wyr
2169 4675 2306 4748 itzt‚
2378 4677 2510 4738 den
2562 4675 2853 4739 Gnaden
2902 4677 3041 4737 und
3090 4677 3316 4758 geben
3365 4696 3494 4737 uns

926 4812 1183 4874 widder
1228 4811 1351 4874 auf
1388 4813 1509 4873 des
1556 4811 1858 4875 Teuffels
1910 4814 2114 4875 werk.

1920 5210 2026 5257 Der
2062 5207 2285 5272 Prophet
2315 5208 2495 5271 Jesaia.

1102 5325 1425 5389 Germani
1456 5327 1819 5408 proverbio
1852 5327 2124 5389 dicunt:
2184 5328 2300 5390 ubi
2335 5339 2751 5392 extruuntur
2794 5331 3053 5411 templa
3093 5332 3179 5392 ad
3225 5330 3492 5392 diuinos

931 5465 1169 5536 cultu&
1217 5464 1307 5525 ibi
1354 5485 1631 5546 quoque
1679 5463 2055 5527 Sathanam
2106 5470 2192 5528 ad
2243 5487 2438 5529 suum
2490 5469 2750 5529 cultum
2799 5468 3124 5529 sacellum
3172 5468 3453 5550 erigere.

3782 2640 3868 2690 sol.
3912 2652 3955 2688 1.
3992 2655 4036 2687 a.

3773 3857 3858 3906 sol.
3905 3870 3922 3905 1
3934 3893 3946 3906 .
3984 3858 4032 3906 b.

3817 5364 3925 5414 cap.
3970 5361 3988 5396 1
4000 5385 4011 5397 .
