5400 6759
908 851 1400 936 Ewangelions
1445 850 1793 911 berauben
1841 850 2065 918 wolte‚
2113 848 2300 909 denn
2342 853 2623 927 nymptt
2668 863 2745 906 er
2774 843 2914 916 das,
2962 861 3039 904 so
3071 841 3297 902 haben
3332 858 3482 919 wyr

914 1012 988 1054 es
1035 992 1203 1052 alles
1249 989 1629 1051 verlohren.

1083 1437 1239 1498 Deo
1288 1433 1549 1498 Gracia.
1641 1432 1752 1495 Du
1798 1431 2124 1495 frommer
2170 1429 2355 1492 Gott.
2446 1428 2537 1491 Et
2584 1429 2678 1490 sic
2727 1438 2832 1489 est
2876 1426 3132 1489 facturn
3192 1447 3367 1504 1540.

1090 1898 1250 1960 Hoc
1298 1897 1543 1959 accidit
1589 1897 1818 1958 statim
1866 1895 2261 1960 Saxonibus
2318 1915 2494 1974 1532.

1093 2344 1282 2405 Idem
1354 2341 1627 2404 eveniet
1682 2341 1751 2402 in
1814 2340 2140 2412 Marchia,
2218 2359 2373 2401 cum
2423 2340 2751 2422 Princeps
2810 2340 2878 2401 in
2947 2350 3140 2401 tanta
3198 2341 3351 2401 luce
3422 2353 3492 2400 et

929 2479 1357 2544 confessione
1402 2477 1769 2561 Evangelii
1813 2477 2229 2539 adulteraret
2286 2478 2486 2559 juxta
2531 2477 2728 2539 illud:
2787 2476 3074 2540 affectus
3122 2477 3493 2559 corripiens

927 2619 1272 2681 hominem
1319 2626 1447 2678 etc.
1538 2614 1712 2677 Wer
1758 2614 1885 2677 soll
1930 2614 2282 2697 predigen,
2332 2635 2509 2677 wem
2559 2617 2689 2678 soll
2738 2617 3098 2698 geluesten
3144 2636 3225 2677 zu
3273 2617 3493 2677 leben.

929 2753 1147 2818 Straff
1186 2755 1408 2816 Herre
1455 2752 1681 2816 Straff.

1100 3199 1594 3282 Expostulacio
1641 3219 1797 3262 cum
1842 3200 2011 3274 De0,
2099 3199 2324 3262 Wens
2370 3200 2559 3262 nicht
2607 3201 2793 3284 gehn
2835 3199 2987 3270 will,
3079 3199 3222 3260 Das
3269 3200 3497 3261 kenne

929 3336 1039 3398 ich
1064 3355 1255 3397 seere
1280 3334 1431 3396 wol.
1492 3334 1668 3395 Nam
1702 3346 1860 3416 post
1897 3356 2150 3397 annum
2187 3337 2430 3399 aetatis
2466 3358 2665 3399 meae
2689 3337 3292 3420 quadragesimum
3315 3337 3497 3398 sensi

932 3475 1259 3556 majorem
1308 3474 1638 3553 impetum
1685 3471 1891 3534 animi
1944 3473 2031 3533 ad
2085 3491 2167 3533 ea
2202 3471 2382 3544 vitia,
2443 3471 2695 3553 quibus
2738 3472 3064 3554 juventus
3104 3473 3499 3545 delectatur,

934 3628 1140 3690 quam
1173 3629 1346 3691 puer
1377 3609 1552 3670 olim.
1624 3608 1891 3670 Deinde
1911 3607 2127 3670 Verbi
2158 3617 2597 3688 contemptus
2628 3609 2971 3671 maximus
3004 3607 3228 3671 effecit
3273 3630 3497 3691 saepe,

931 3758 1008 3807 ut
1055 3766 1206 3807 cum
1258 3766 1392 3828 ego
1440 3766 1562 3827 per
1608 3765 1718 3807 me
1765 3744 1930 3807 satis
1974 3745 2317 3818 haberem,
2366 3746 2553 3826 quod
2585 3744 2924 3818 deflerem,
2972 3757 3040 3808 et
3070 3745 3322 3807 frustra
3367 3748 3500 3807 hoc

929 3880 1144 3954 fieret,
1214 3884 1400 3964 quod
1461 3885 1802 3956 docerem,
1866 3893 1943 3945 ut
2005 3883 2367 3965 abjicerem
2433 3883 2896 3955 ministerium,
2961 3904 3200 3946 verum
3257 3894 3500 3965 postea

932 4018 1200 4100 impulit
1265 4040 1373 4080 me
1436 4020 1681 4082 iterum
1750 4020 1838 4080 ad
1884 4020 2267 4081 docendum
2333 4020 2621 4082 verbum
2684 4021 2934 4083 nescio-
2987 4020 3208 4103 qualis
3275 4031 3502 4083 motus

934 4155 1154 4228 animi,
1202 4156 1486 4219 vincens
1534 4167 1603 4218 et
1649 4177 1872 4218 meam
1918 4156 2128 4237 ipsius
2174 4157 2713 4220 imbecillitatem
2762 4168 2832 4219 et
2875 4158 3148 4240 publica
3198 4159 3392 4220 mala.

1111 4620 1268 4682 Hoc
1332 4622 1578 4683 accidit
1635 4621 1799 4683 mihi
1855 4621 2412 4704 &Vittembergae
2480 4643 2521 4682 a
2566 4622 2890 4694 LutherO,
2954 4622 3136 4683 denn
3205 4642 3280 4683 er
3340 4624 3503 4684 liess

935 4758 1081 4819 sich
1128 4754 1448 4820 versure-n
1497 4769 1565 4820 et
1611 4759 1985 4821 damnabat
2043 4758 2255 4820 eciam
2305 4779 2528 4842 genus
2575 4759 2930 4821 oracionis.
3042 4760 3221 4822 Dass
3267 4763 3505 4823 macht

937 4895 1057 4956 der
1104 4894 1381 4977 leydigc
1429 4895 1681 4977 Neydt.

1112 5357 1243 5420 Die
1289 5358 1695 5441 Theologen
1756 5378 1837 5419 zu
1882 5357 2360 5441 Wyttebergk
2422 5360 2563 5421 und
2619 5379 2808 5421 zwen
2873 5361 3009 5421 alte
3057 5358 3358 5420 Mouche
3425 5380 3506 5420 zu

940 5495 1326 5577 Eyssleben
1375 5496 1514 5556 und
1562 5515 1751 5557 zwen
1800 5496 1978 5557 lame
2024 5491 2297 5577 pfaffen.

3791 1419 3856 1478 (v.
3900 1419 3998 1476 21).

3664 1896 3769 1945 cap.
3813 1893 3891 1943 19.
3964 1880 4028 1940 (v.
4073 1876 4142 1938 6).

3785 2340 3892 2388 cap.
3934 2335 4014 2372 20.
