5400 6759
2498 532 2580 593 ‘23

1073 840 1229 902 Hoc
1277 839 1523 901 accidit
1570 842 1702 901 hoc
1748 850 2061 920 tempore
2109 841 2326 902 Danis
2374 851 2443 901 et
2491 840 2823 910 PruteniS‚
2884 842 2968 901 ad
3016 860 3189 921 quos
3235 839 3468 902 confu-

901 987 1167 1061 gerunt,
1215 977 1331 1059 qui
1374 969 1735 1060 ’Λδιᾰφορα
1782 978 2334 1060 contempserint,
2382 988 2650 1040 tantum
2698 988 2979 1058 propter
3026 977 3470 1058 disciplinam,

900 1133 1037 1176 non
1084 1124 1367 1196 propter
1412 1134 1583 1194 opus
1630 1124 2008 1194 operatum.

1076 1645 1208 1707 Hic
1254 1647 1444 1707 locus
1490 1645 1736 1707 occidit
1774 1645 2108 1724 Joannem
2158 1646 2344 1708 Hus:
2393 1668 2515 1727 per
2553 1647 2889 1726 Joannem
2938 1646 3301 1718 Zachariae,
3349 1646 3466 1727 qui

899 1781 1025 1843 fuit
1072 1782 1131 1842 ei
1177 1783 1433 1862 hospes
1480 1782 1905 1843 cottidianus
1995 1782 2088 1845 Et
2137 1783 2401 1845 cumins
2446 1784 2752 1865 pexisset
2778 1784 2998 1846 Biblia
3025 1784 3358 1845 Hussirae
3386 1785 3463 1862 (Ξ),

900 1918 1161 1981 invenit
1206 1919 1532 2000 scriptum
1582 1938 1760 1980 esse:
1822 1918 1980 2001 Ego
2029 1939 2166 1980 non
2217 1920 2374 1981 volo
2421 1939 2705 2000 pascere
2751 1919 2896 2001 ipse
2943 1931 3070 1981 ete.
3167 1920 3261 1982 Et
3309 1940 3465 1982 cum

903 2057 1031 2117 hoc
1079 2057 1166 2116 ad
1213 2054 1585 2117 Concilium
1636 2069 1820 2117 esset
1852 2057 2178 2128 delatum,
2224 2057 2756 2137 pronunciatum
2813 2067 2918 2118 est
2967 2077 3090 2138 pro
3141 2059 3287 2140 ejus
3334 2106 3346 2118 .
3395 2105 3408 2118 .
3457 2105 3468 2117 .

1057 2241 1069 2253 .
1136 2193 1191 2271 ³⁶)
1239 2204 1555 2274 quartum
1604 2192 2095 2264 reclamaverit,
2141 2194 2313 2254 haec
2362 2193 2584 2254 Biblia
2636 2214 2774 2255 non
2823 2214 2975 2254 esse
3023 2214 3162 2265 sua,
3211 2204 3280 2256 et
3325 2205 3473 2255 tota

902 2329 1408 2410 consequencia
1454 2329 1636 2391 aliud
1684 2331 2265 2392 commonstravit.

1894 2864 1998 2910 Der
2036 2861 2260 2927 Prophet
2298 2863 2495 2911 Daniel.

1075 2999 1504 3081 Weyssheit:
1570 2964 1801 3062 Wenn
1874 3023 2030 3064 man
2098 3012 2305 3083 pacta
2379 3023 2460 3064 zu
2519 3023 2737 3085 sagen
2785 3004 2925 3063 und
2972 3001 3317 3083 Vertrege
3387 3022 3468 3063 zu

900 3136 1135 3198 halten
1183 3139 1537 3221 vergisset‚
1585 3139 1760 3202 sicut
1808 3161 1989 3202 nunc
2034 3139 2196 3202 facit
2222 3141 2606 3223 Augustus
2647 3142 2788 3201 und
2826 3140 2958 3202 lest
3003 3139 3143 3200 ihm
3190 3138 3299 3201 die
3333 3160 3468 3200 von

904 3274 1395 3357 Magdeburgk
1463 3276 1733 3357 alleyne
1800 3277 2055 3339 hulden
2137 3276 2284 3339 sine
2354 3277 2756 3338 Marchione
2825 3276 3144 3338 Electore
3227 3287 3472 3339 contra

899 3412 1116 3473 handt
1206 3414 1543 3494 gegeben,
1633 3423 1846 3474 trewe
1930 3413 2069 3473 und
2160 3412 2584 3474 mundtliche
2669 3432 2944 3494 zusage.
3068 3412 3213 3474 Das
3299 3414 3470 3475 wird

902 3547 1071 3610 Gott
1117 3546 1463 3609 straffenn.

1074 4080 1226 4142 IIoc
1273 4080 1363 4142 ibi
1409 4079 1502 4152 fit,
1562 4081 1676 4142 ubi
1736 4101 1873 4142 non
1920 4093 2105 4143 recte
2152 4080 2420 4142 vivitur.
2523 4079 2871 4143 Defuncto
2924 4081 3189 4161 Joanne
3250 4081 3468 4144 Saxo-

900 4218 1050 4279 niae
1106 4219 1403 4280 electore
1466 4239 1669 4280 nemo
1731 4239 1937 4280 ausus
1998 4218 2126 4281 fuit
2186 4219 2559 4300 quidquam
2626 4218 3060 4280 consiliorum
3126 4219 3270 4280 eius
3326 4220 3469 4280 lau-

899 4356 1078 4417 dare.
1154 4355 1245 4417 Et
1290 4355 1597 4416 seniores
1643 4355 2005 4417 consiliarii
2052 4376 2291 4417 omnes
2338 4355 2639 4437 neglecti
2685 4367 2862 4417 sunt.
2943 4354 3176 4417 Wenn
3222 4376 3296 4417 er
3340 4366 3468 4418 ett-

900 4515 1041 4555 was
1086 4493 1277 4553 hette
1342 4492 1487 4552 also
1534 4511 1782 4573 eynem
1845 4503 2198 4573 getrewen
2246 4492 2504 4553 Diener
2549 4493 3050 4565 verschrieben,
3098 4493 3221 4554 das
3277 4496 3469 4556 ward

899 4630 1257 4692 retractirt.
1347 4628 1601 4711 Torgae
1648 4648 1855 4709 saepe
1902 4650 2311 4710 responsum
2372 4642 2477 4692 est
2521 4650 2645 4711 per
2689 4650 2948 4711 paucos
2998 4630 3350 4693 Ponicken
3400 4642 3469 4694 et

900 4768 1486 4829 Fedderhannsen
1545 4766 1815 4846 Justum
1887 4768 1973 4828 ab
2041 4767 2315 4849 Hayna,
2407 4768 2819 4848 posthabitis
2880 4770 3056 4830 duce
3118 4768 3466 4850 Phylippo

900 4904 1498 4977 Brausswincensi‚
1546 4904 1844 4967 Alberto
1895 4904 2146 4966 comite
2194 4925 2233 4965 a
2281 4904 2627 4966 Mansfeld
2674 4916 2817 4976 etc„
2865 4905 3014 4966 also
3062 4907 3186 4967 das
3234 4908 3468 4968 macht

898 5045 1030 5104 den
1068 5043 1273 5102 bosse
1314 5042 1654 5123 gcbluete.
1729 5040 1992 5102 Verum
2027 5041 2254 5103 exitus
2293 5042 2712 5105 miserrimus
2744 5054 2814 5104 et
2851 5043 3115 5104 tristiss
3149 5043 3467 5117 ostendit,

897 5180 1123 5261 qualia
1168 5177 1419 5240 fuerint
1465 5179 1616 5240 haee
1663 5179 1947 5241 consilia
1993 5179 2236 5240 omnia.

3624 855 3731 904 cap.
3769 851 3850 901 30.
3924 841 3989 898 (v.
4031 843 4128 898 22).

3743 1674 3849 1722 cap.
3888 1673 3970 1724 34.

3782 3024 3892 3072 cap.
3922 3025 3971 3073 4.

3782 4105 3890 4153 cap.
3939 4101 3986 4153 5.
