5400 6759
2749 500 2905 558 XVI

978 809 1285 867 voluntate
1329 810 1603 867 abstinui.
1694 809 1891 868 Facile
1938 828 2084 868 sane
2132 811 2404 880 licuisset,
2453 811 2596 868 locis
2628 829 2663 868 e
2694 812 2992 868 variorum
3039 819 3351 868 auctorum
3397 813 3626 885 scriptis
3675 812 3814 868 hinc
3859 812 4002 869 inde
4033 812 4308 880 collectis,
4342 830 4676 888 purpureos

976 930 1147 1006 quasi
1214 947 1447 1004 pannos
1516 930 1765 987 editioni
1830 948 2005 988 meae
2059 933 2328 1000 adsuere,
2384 950 2506 1007 quo
2561 940 2765 991 tamen
2817 932 2914 987 vix
2960 930 3121 988 aliud
3168 932 3511 998 effecissem,
3559 950 3739 1007 quam
3787 940 3852 989 ut
3899 933 3961 989 in
4006 933 4281 990 vanitatis
4328 932 4676 995 incidissem

965 1050 1393 1126 suspicionem.
1484 1049 1535 1107 Ii
1580 1050 1757 1118 enim,
1805 1068 2060 1125 quorum
2106 1053 2315 1110 studiis
2360 1052 2643 1109 inservire
2689 1052 2912 1127 optavi,
2958 1052 3106 1108 meis
3152 1052 3431 1109 nimirum
3481 1049 3927 1112 commentariis
3973 1053 4217 1111 minime
4263 1054 4631 1129 indigebunt.

1391 1170 1531 1228 Una
1576 1180 1781 1229 tamen
1825 1171 1903 1229 de
1951 1189 2013 1229 re
2058 1189 2252 1247 pauca
2296 1172 2507 1229 afferre
2550 1190 2675 1229 non
2723 1190 3233 1247 supervacaneum
3281 1173 3438 1230 duxi.

1384 1909 1633 1983 Saepius
1699 1916 1995 1966 memorat
2064 1908 2341 1983 Agricola
2403 1907 2740 1977 nonnuIIOS,
2801 1909 3019 1966 multos
3065 1909 3266 1976 imm0‚
3314 1926 3454 1966 suos
3501 1910 3874 1966 adversarios
3920 1917 4057 1983 post
4100 1908 4487 1966 Schmalcaici
4533 1908 4674 1966 belli

960 2030 1173 2087 clades
1241 2037 1302 2086 et
1366 2029 1651 2086 tumultus
1717 2030 1779 2085 in
1826 2027 2086 2084 Daniam
2147 2029 2496 2103 confugisse,
2554 2028 2866 2104 theologos
2911 2029 3276 2104 praesertim,
3323 2047 3490 2104 quOS,
3535 2029 3909 2086 notissimum
3956 2028 4099 2085 illud
4148 2026 4386 2085 Horatii
4433 2045 4674 2084 carmen

970 2148 1107 2229 (IV,
1135 2148 1189 2219 6,
1222 2146 1323 2225 14)
1371 2150 1724 2225 significans,
1771 2147 2059 2223 appellat:
2107 2148 2264 2204 male
2309 2147 2565 2206 feriatos,
2649 2148 2941 2206 Dubitare
2987 2158 3191 2207 tamen
3237 2150 3450 2219 licebit,
3496 2167 3640 2206 num
3689 2149 3807 2205 fide
3854 2149 4034 2224 digna
4079 2149 4232 2205 haec
4276 2148 4352 2204 sit
4394 2146 4673 2205 narratio

1387 2268 1607 2325 Fuerat
1675 2275 1836 2324 certe
1882 2265 2254 2324 Christianus
2302 2266 2415 2334 III,
2463 2267 2697 2324 Daniae
2744 2276 2804 2325 et
2849 2268 3191 2345 Norvegiae
3253 2288 3371 2337 rex,
3427 2288 3563 2326 cum
3611 2269 4052 2326 confoederatis
4098 2267 4462 2325 Germaniae
4508 2267 4672 2342 prin-

957 2391 1216 2465 ·cipibuS,
1261 2388 1558 2447 Saxonico
1606 2388 1981 2463 potissimum
2048 2387 2306 2444 electore
2354 2385 2733 2462 Hessiaeque
2799 2389 3148 2464 landgravio
3216 2389 3434 2445 multos
3495 2407 3604 2464 per
3669 2407 3863 2446 annos
3921 2388 4289 2464 conjunctuS,
4349 2389 4475 2454 sed,
4521 2405 4674 2463 pace

975 2513 1129 2568 inter
1172 2509 1433 2567 Daniam
1480 2516 1542 2566 et
1586 2508 1868 2567 Carolum
1916 2510 2339 2584 imperatorem
2385 2508 2593 2583 Spirae
2637 2528 2688 2566 a.
2746 2522 2903 2582 1544
2952 2508 3123 2576 facta,
3167 2508 3378 2566 foedus
3410 2509 3552 2565 illud
3585 2509 3889 2583 paullatim
3923 2516 4205 2583 coeperat
4236 2508 4671 2583 elanguescere.

976 2630 1137 2688 Nam
1207 2630 1344 2688 licet
1388 2630 1598 2705 optimi
1667 2630 1816 2703 regis
1879 2630 2113 2686 animus
2180 2647 2319 2704 erga
2374 2630 2572 2686 socios
2622 2629 2872 2686 fortasse
2925 2631 3198 2686 nondum
3244 2630 3587 2706 refriguerit,
3637 2631 3799 2688 haud
3845 2630 4027 2687 dubie
4073 2629 4372 2687 nobilibus
4419 2628 4670 2698 Daniae,

961 2769 1231 2826 quorum
1298 2758 1423 2807 tum
1490 2750 1695 2806 denuo
1758 2767 1974 2824 magna
2022 2749 2176 2806 facta
2230 2758 2358 2806 erat
2402 2748 2902 2823 praepollensque
2947 2757 3229 2823 potestaS,
3277 2750 3419 2806 nihil
3468 2752 3663 2806 minus
3710 2751 3899 2806 visum
3945 2759 4035 2807 est
4080 2749 4436 2825 exoptabile,
4483 2766 4669 2824 quam

976 2879 1039 2928 ut
1083 2872 1289 2946 patria,
1334 2888 1529 2944 nuper
1573 2869 1954 2926 funestissimi
2001 2844 2143 2925 belli
2184 2869 2458 2942 procellis
2504 2886 2812 2936 concussa,
2860 2869 2921 2925 in
2966 2887 3126 2926 nova
3171 2878 3229 2926 et
3274 2871 3608 2952 periculosa
3655 2871 3980 2927 certamina
4027 2871 4329 2928 incideret.

1387 2989 1747 3046 Imminente
1791 2989 2138 3064 gravissimo
2184 3007 2235 3046 a.
2292 2987 2450 3062 1546
2498 2987 2853 3046 Lutheranis
2900 2989 3180 3064 periculQ
3230 2988 3441 3046 iterum
3488 3008 3558 3047 ac
3602 2993 3838 3065 saepius
3885 3008 3920 3047 a
3965 3008 4102 3066 rege
4146 2989 4380 3047 Daniae
4426 2990 4668 3064 petiere,

964 3120 1040 3167 ut
1097 3117 1201 3167 aut
1255 3127 1435 3184 opem
1490 3109 1670 3166 ferret
1721 3116 1825 3165 aut
1871 3108 2145 3176 BatavoS‚
2191 3110 2536 3184 imperatori
2584 3117 2709 3165 tum
2755 3109 3068 3185 subjectOS,
3116 3109 3272 3165 bello
3319 3110 3624 3166 infestaret
3670 3118 3743 3178 et,
3791 3109 3992 3167 clauso
4041 3111 4207 3178 freto,
4255 3128 4291 3167 a
4336 3110 4484 3167 mari
4532 3107 4668 3165 Bal-

975 3233 1093 3287 tico
1137 3228 1495 3305 prohiberet,
1541 3228 1603 3283 id
1650 3227 1815 3302 quod
1860 3227 2061 3302 paullo
2115 3236 2255 3284 ante
2288 3231 2360 3300 (a.
2404 3229 2586 3302 1542)
2636 3228 2801 3286 haud
2834 3228 3046 3285 frustra
3100 3228 3320 3285 fecerat
3364 3228 3751 3286 Christianus.
3821 3230 4150 3287 Addebant
4179 3231 4454 3305 precibus
4486 3229 4667 3285 etiam

974 3349 1432 3415 admonitiones,
1480 3356 1544 3404 ut
1588 3347 1697 3404 sibi
1745 3347 1856 3421 ipsi
1903 3366 2005 3404 rex
2051 3357 2317 3420 caveret;
2365 3348 2723 3405 Lutheranis
2771 3347 3133 3406 Germaniae
3180 3350 3495 3423 oppressi5‚
3531 3348 3742 3406 Danos
3790 3350 3969 3406 etiam
4015 3350 4453 3424 imperatorem,
4500 3349 4664 3424 quod

962 3488 1011 3527 a
1056 3469 1177 3525 fide
1243 3467 1535 3524 catholica
1601 3466 1975 3536 defecissent,
2044 3468 2388 3542 puniturum
2422 3468 2478 3539 ¹).
2568 3468 2993 3543 Tergiversans
3039 3477 3240 3525 autem
3309 3487 3410 3525 rex
3466 3469 3825 3526 diverticulis
3870 3471 4162 3526 utebatur.
4257 3470 4669 3526 Adseverabat

975 3606 1146 3646 suam
1191 3588 1251 3643 in
1297 3604 1438 3643 vera
1484 3586 1602 3643 fide
1647 3587 2062 3655 constantiam,
2109 3588 2457 3663 increpabat
2495 3588 2930 3645 Antichristum
2967 3588 3326 3656 Romanum,
3373 3589 3735 3652 hortabatur,
3781 3608 3859 3646 ne
3905 3591 4170 3646 animum
4218 3589 4668 3664 desponderent

972 3708 1288 3783 principeS,
1341 3707 1621 3781 sperabat
1689 3706 1908 3763 bellum
1954 3707 2216 3781 pacificis
2284 3710 2617 3765 actionibus
2676 3726 2855 3782 posse
2908 3708 3207 3780 componi,
3254 3725 3453 3781 neque
3499 3708 3745 3764 tandem
3792 3710 3961 3782 queri
4006 3708 4453 3783 supersedebat,
4501 3708 4666 3781 quod

972 3844 1179 3885 secum
1226 3825 1592 3882 Fridericum
1640 3824 1972 3882 Palatinum
2020 3825 2641 3903 Christophorumque
2688 3825 3264 3902 Oldenburgensem,
3331 3836 3559 3884 veteres
3629 3829 3779 3902 regis
3837 3829 4124 3895 inimiCOS,
4170 3828 4468 3902 principes
4515 3844 4666 3902 quo-

972 3946 1305 4004 dammodo
1351 3945 1800 4016 conjunxissent
1818 3943 1882 4021 ²).
1973 3946 2227 4003 Constat
2274 3949 2453 4004 etiam
2496 3947 2611 4004 hoc
2655 3966 2818 4004 anno
2863 3966 3061 4022 regem
3115 3947 3347 4004 diutino
3401 3948 3613 4003 morbo
3667 3948 3746 4002 ita
3800 3955 4139 4022 correptum
4179 3947 4372 4013 fuisse,
4427 3955 4491 4003 ut
4551 3946 4668 4002 vita

972 4067 1034 4123 in
1105 4065 1424 4122 discrimen
1490 4065 1701 4139 posita,
1757 4072 2026 4121 mortuus
2081 4083 2212 4121 esse
2270 4065 2396 4141 jam
2466 4068 2777 4124 diceretur.
2869 4064 3173 4141 Principes
3220 4068 3482 4142 denique
3527 4067 3605 4123 de
3652 4066 3967 4123 efficaciori
4014 4068 4233 4124 auxilio
4279 4068 4669 4141 desperantes

972 4186 1411 4261 pecuniamque
1456 4193 1687 4241 tantum
1735 4203 1771 4241 a
1817 4184 1997 4241 Dauo
2044 4193 2333 4259 petenteS‚
2382 4205 2586 4243 mense
2618 4187 2822 4244 Sextili
2869 4189 3070 4264 viginti
3119 4188 3298 4244 millia
3341 4187 3706 4244 thalerorum
3751 4196 3958 4244 mutua
4002 4205 4290 4262 accepere
4335 4188 4416 4244 ita
4448 4196 4667 4254 tamen,

973 4314 1040 4364 ut
1082 4306 1271 4364 hocce
1324 4305 1653 4362 subsidium
1707 4322 1832 4360 non
1877 4306 1955 4361 ad
2004 4306 2222 4362 bellum
2256 4315 2462 4363 contra
2496 4308 2918 4382 imperatorem
2949 4309 3294 4383 gerendum,
3342 4310 3449 4364 sed
3481 4310 3558 4365 ad
3592 4310 3867 4383 pericula,
3914 4327 4070 4384 quae
4103 4328 4136 4366 a
4164 4308 4443 4365 Romano
4469 4309 4668 4384 ponti-

972 4427 1084 4484 fice
1149 4426 1545 4494 imminerent,
1614 4425 1941 4481 avertenda
2003 4426 2212 4482 datum
2281 4444 2411 4482 esse
2489 4427 2787 4485 diceretur
2815 4423 2880 4490 ³).
2991 4427 3286 4485 Militabat
3344 4428 3460 4485 hoc.
3526 4438 3798 4504 tempore
3862 4447 3999 4485 cum
4060 4429 4298 4505 Joanne
4363 4428 4664 4485 Friderico

972 4546 1183 4604 Danus
1250 4546 1497 4621 quidam
1565 4544 1778 4601 nobilis
1825 4543 2118 4620 Georgius
2167 4544 2350 4614 Urne‚
2419 4564 2600 4621 quem
2649 4549 2848 4623 magni
2909 4548 3253 4605 aestimasse
3299 4549 3512 4605 dicitur
3569 4548 3807 4605 elector.
3898 4547 4018 4620 Qui
4064 4566 4249 4622 quum
4298 4549 4356 4603 in
4404 4546 4662 4604 Daniam

974 4667 1161 4723 redux
1227 4665 1390 4723 haud
1456 4664 1536 4720 ita
1604 4681 1828 4738 paucos
1895 4666 2125 4740 equites
2193 4667 2477 4723 adversus
2524 4667 2807 4725 Carolum
2867 4669 3288 4743 imperatorem
3341 4678 3705 4742 pugnaturos
3753 4667 4096 4743 collegisset,
4144 4669 4204 4724 in
4251 4667 4298 4724 F
4303 4668 4463 4725 ionia
4500 4668 4667 4744 jussu

974 4786 1135 4861 regio
1201 4803 1335 4842 cum
1399 4785 1906 4842 commilitonibus
1968 4794 2177 4860 captus
2245 4794 2305 4843 et
2362 4787 2421 4843 in
2476 4788 2810 4844 custodiam
2870 4789 3045 4844 datus
3100 4795 3189 4843 est
3217 4783 3276 4857 ⁴).
3366 4785 3650 4860 Superest
3694 4785 3892 4842 adhuc
3939 4786 4205 4860 epistola,
4253 4785 4559 4854 hactenuS‚
4606 4787 4669 4842 id

1098 5074 1139 5134 ¹)
1176 5074 1335 5121 »Dass
1388 5073 1476 5121 der
1513 5071 1807 5136 Gegentheil
1861 5073 1985 5122 auch
2024 5075 2086 5123 E.
2127 5075 2199 5123 K.
2240 5075 2347 5131 W„
2386 5073 2582 5123 dieweil
2629 5075 2712 5123 Sie
2760 5090 2856 5122 von
2895 5089 3066 5136 wegen
3103 5074 3192 5122 der
3229 5072 3468 5136 Religion
3504 5089 3658 5136 gegen
3697 5072 3964 5122 Bischofen
4003 5073 4106 5122 und
4142 5074 4325 5122 andere
4363 5073 4666 5124 Geistlichen

1175 5157 1330 5216 mehr,
1385 5158 1518 5206 deun
1571 5158 1664 5205 wir
1714 5157 1996 5221 gehandelt‚
2042 5159 2179 5207 nicht
2234 5159 2400 5207 werde
2449 5159 2798 5208 verschonen».
2871 5160 3004 5218 (Sax.
3051 5166 3101 5208 et
3142 5161 3295 5208 Hess.
3330 5160 3391 5207 ad
3431 5175 3594 5222 regem
3634 5160 3765 5208 Dan.
3803 5176 3863 5208 ex
3899 5160 4069 5208 castris
4105 5160 4240 5224 apud
4278 5159 4664 5216 Thonewerder,

1175 5244 1255 5293 die
1291 5243 1323 5291 6
1360 5247 1495 5306 Aug.
1541 5245 1694 5306 1546;
1734 5243 1784 5292 in
1821 5243 1953 5292 arch.
1996 5246 2200 5306 Haun.).

1094 5332 1138 5394 ²)
1174 5330 1311 5380 Vide
1346 5330 1533 5378 litteras
1570 5329 1711 5392 regis,
1768 5329 1821 5378 in
1875 5330 2078 5393 regestis
2123 5330 2449 5394 epistolarum
2494 5331 2557 5378 ad
2603 5337 2799 5378 exteros
2837 5330 3085 5394 principes
3122 5330 3347 5378 datarum
3385 5329 3775 5386 (0Ausliindisch
3816 5330 4082 5393 Registr.»)
4136 5329 4318 5378 archivi
4358 5330 4666 5379 Hauniensis

1173 5416 1459 5480 descriptas.
1548 5416 1903 5465 observandae
1940 5423 2057 5464 sunt
2092 5415 2241 5464 etiam
2278 5416 2535 5481 episto¹ae‚
2575 5432 2698 5479 quas
2736 5432 2822 5464 rex
2858 5416 2920 5463 ad
2958 5417 3296 5463 Pomeranum
3338 5414 3720 5463 Melanthonem
3757 5415 3982 5479 aliosque
4018 5415 4366 5463 reformatores
4403 5414 4498 5463 hoc
4532 5431 4666 5464 anno

1173 5503 1325 5561 dedit,
1380 5504 1433 5551 in
1467 5502 1808 5552 collectionem
1857 5503 2300 5567 locupletissimam
2340 5510 2578 5567 receptae,
2636 5519 2787 5565 quam
2826 5503 3048 5567 Casparo
3086 5502 3129 5548 F
3133 5501 3341 5549 riderico
3384 5502 3635 5564 W'egener
3675 5503 3740 5550 V.
3780 5501 3873 5558 Cl.,
3920 5501 4192 5549 archi-vario
4230 5501 4424 5549 Daniae
4471 5501 4661 5566 optime

1174 5590 1368 5647 merito,
1404 5589 1663 5645 debemus,
1706 5588 2181 5650 *Aarsberetninger
2217 5588 2289 5637 fra
2325 5590 2410 5638 det
2448 5587 2736 5650 Kongelige
2774 5587 3228 5645 Geheimearchiv»,
3267 5587 3366 5636 vol.
3405 5588 3445 5635 Ι.

1092 5676 1137 5738 ³)
1170 5677 1251 5741 Jo.
1289 5675 1535 5725 Grammii
1570 5676 1634 5723 ad
1670 5674 1853 5738 Kragii
1888 5674 2144 5723 historiam
2186 5673 2455 5722 Christiani
2492 5675 2577 5722 ΙΙΙ
2614 5672 2768 5737 praes.
2806 5689 2855 5737 p.
2897 5685 2976 5736 59.

1094 5764 1138 5826 ⁴)
1176 5762 1322 5811 Arild
1362 5761 1611 5816 Huitfeld,
1652 5761 1937 5809 Danmarks
1958 5761 2118 5823 Riges
2141 5760 2379 5810 Kronike
2416 5777 2465 5824 p.
2512 5771 2655 5823 1514,
2695 5758 2948 5809 Christian
2970 5759 3096 5807 III.s
3131 5759 3357 5807 Historie
3385 5760 3478 5807 ved
3511 5761 3655 5822 Krag
3684 5775 3747 5822 og
3768 5759 4070 5824 Stephanius
4101 5759 4280 5821 (versio
4300 5760 4452 5821 Dan.)
4479 5776 4526 5823 p.
4549 5771 4665 5822 302.
