<?xml version="1.0" encoding="UTF-8"?>
<!DOCTYPE html PUBLIC "-//W3C//DTD XHTML 1.0 Transitional//EN"
    "http://www.w3.org/TR/xhtml1/DTD/xhtml1-transitional.dtd">
<html xmlns="http://www.w3.org/1999/xhtml" xml:lang="en" lang="en">
 <head>
  <title>
</title>
<meta http-equiv="Content-Type" content="text/html;charset=utf-8" />
  <meta name='ocr-system' content='tesseract 3.04.00' />
  <meta name='ocr-capabilities' content='ocr_page ocr_carea ocr_par ocr_line ocrx_word'/>
</head>
<body>
  <div class='ocr_page' id='page_1' title='image "./joannisagricola00daaegoog_0033.png"; bbox 0 0 5400 6759; ppageno 0'>
   <div class='ocr_carea' id='block_1_1' title="bbox 2408 665 2709 671">
    <p class='ocr_par' dir='ltr' id='par_1_1' title="bbox 2408 665 2709 671">
     <span class='ocr_line' id='line_1_1' title="bbox 2408 665 2709 671; baseline 0 0"><span class='ocrx_word' id='word_1_1' title='bbox 2408 665 2709 671; x_wconf 95' lang='lat' dir='ltr'> </span> 
     </span>
    </p>
   </div>
   <div class='ocr_carea' id='block_1_2' title="bbox 912 850 3483 1762">
    <p class='ocr_par' dir='ltr' id='par_1_2' title="bbox 912 850 3483 1762">
     <span class='ocr_line' id='line_1_2' title="bbox 1084 850 3478 935; baseline -0.003 -19"><span class='ocrx_word' id='word_1_2' title='bbox 1084 855 1424 918; x_wconf 88' lang='lat' dir='ltr'>Lutherus</span> <span class='ocrx_word' id='word_1_3' title='bbox 1502 854 1841 935; x_wconf 81' lang='lat' dir='ltr'>praedixit</span> <span class='ocrx_word' id='word_1_4' title='bbox 1918 852 2310 916; x_wconf 81' lang='lat' dir='ltr'>Saxonibus</span> <span class='ocrx_word' id='word_1_5' title='bbox 2394 853 2581 915; x_wconf 86' lang='lat' dir='ltr'>illum</span> <span class='ocrx_word' id='word_1_6' title='bbox 2664 851 3141 913; x_wconf 86' lang='lat' dir='ltr'>calamitosum</span> <span class='ocrx_word' id='word_1_7' title='bbox 3200 850 3478 916; x_wconf 83' lang='lat' dir='ltr'>exitum,</span> 
     </span>
     <span class='ocr_line' id='line_1_3' title="bbox 912 987 3483 1075; baseline -0.003 -20"><span class='ocrx_word' id='word_1_8' title='bbox 912 1013 1114 1075; x_wconf 88' lang='lat' dir='ltr'>quem</span> <span class='ocrx_word' id='word_1_9' title='bbox 1163 1013 1244 1054; x_wconf 90' lang='lat' dir='ltr'>eo</span> <span class='ocrx_word' id='word_1_10' title='bbox 1293 1003 1563 1054; x_wconf 88' lang='lat' dir='ltr'>mortuo</span> <span class='ocrx_word' id='word_1_11' title='bbox 1604 992 1922 1074; x_wconf 82' lang='lat' dir='ltr'>repetivit</span> <span class='ocrx_word' id='word_1_12' title='bbox 1963 1003 2032 1053; x_wconf 91' lang='lat' dir='ltr'>et</span> <span class='ocrx_word' id='word_1_13' title='bbox 2072 989 2503 1053; x_wconf 83' lang='lat' dir='ltr'>confirmavit</span> <span class='ocrx_word' id='word_1_14' title='bbox 2540 990 2782 1069; x_wconf 88' lang='lat' dir='ltr'>Johan.</span> <span class='ocrx_word' id='word_1_15' title='bbox 2823 988 3161 1071; x_wconf 79' lang='lat' dir='ltr'><strong>Agricola</strong></span> <span class='ocrx_word' id='word_1_16' title='bbox 3189 987 3483 1049; x_wconf 90' lang='lat' dir='ltr'>Isleben.</span> 
     </span>
     <span class='ocr_line' id='line_1_4' title="bbox 913 1125 3480 1210; baseline -0.002 -18"><span class='ocrx_word' id='word_1_17' title='bbox 913 1130 1006 1192; x_wconf 86' lang='lat' dir='ltr'>Et</span> <span class='ocrx_word' id='word_1_18' title='bbox 1051 1150 1206 1192; x_wconf 90' lang='lat' dir='ltr'>cum</span> <span class='ocrx_word' id='word_1_19' title='bbox 1255 1130 1634 1191; x_wconf 80' lang='lat' dir='ltr'>movissent</span> <span class='ocrx_word' id='word_1_20' title='bbox 1680 1128 2082 1191; x_wconf 90' lang='lat' dir='ltr'>seditionem</span> <span class='ocrx_word' id='word_1_21' title='bbox 2131 1128 2523 1209; x_wconf 80' lang='lat' dir='ltr'>reprehensi</span> <span class='ocrx_word' id='word_1_22' title='bbox 2571 1129 2658 1188; x_wconf 91' lang='lat' dir='ltr'>ab</span> <span class='ocrx_word' id='word_1_23' title='bbox 2692 1126 3042 1210; x_wconf 80' lang='lat' dir='ltr'>Agricola,</span> <span class='ocrx_word' id='word_1_24' title='bbox 3092 1125 3179 1185; x_wconf 92' lang='lat' dir='ltr'>do</span> <span class='ocrx_word' id='word_1_25' title='bbox 3226 1125 3480 1186; x_wconf 77' lang='lat' dir='ltr'>wolten</span> 
     </span>
     <span class='ocr_line' id='line_1_5' title="bbox 916 1262 3481 1346; baseline -0.002 -17"><span class='ocrx_word' id='word_1_26' title='bbox 916 1268 1012 1330; x_wconf 92' lang='lat' dir='ltr'>sie</span> <span class='ocrx_word' id='word_1_27' title='bbox 1057 1268 1173 1329; x_wconf 88' lang='lat' dir='ltr'>ihn</span> <span class='ocrx_word' id='word_1_28' title='bbox 1222 1269 1376 1329; x_wconf 91' lang='lat' dir='ltr'>todt</span> <span class='ocrx_word' id='word_1_29' title='bbox 1420 1269 1664 1336; x_wconf 90' lang='lat' dir='ltr'>haben,</span> <span class='ocrx_word' id='word_1_30' title='bbox 1713 1268 2010 1329; x_wconf 79' lang='lat' dir='ltr'>nahmen</span> <span class='ocrx_word' id='word_1_31' title='bbox 2059 1267 2196 1328; x_wconf 91' lang='lat' dir='ltr'>ihm</span> <span class='ocrx_word' id='word_1_32' title='bbox 2247 1266 2393 1328; x_wconf 88' lang='lat' dir='ltr'>sein</span> <span class='ocrx_word' id='word_1_33' title='bbox 2444 1265 2677 1327; x_wconf 88' lang='lat' dir='ltr'>Hauss</span> <span class='ocrx_word' id='word_1_34' title='bbox 2724 1267 2866 1327; x_wconf 90' lang='lat' dir='ltr'>und</span> <span class='ocrx_word' id='word_1_35' title='bbox 2915 1262 3090 1327; x_wconf 86' lang='lat' dir='ltr'>Hoff</span> <span class='ocrx_word' id='word_1_36' title='bbox 3138 1265 3276 1326; x_wconf 88' lang='lat' dir='ltr'>und</span> <span class='ocrx_word' id='word_1_37' title='bbox 3337 1265 3481 1346; x_wconf 88' lang='lat' dir='ltr'>leg-</span> 
     </span>
     <span class='ocr_line' id='line_1_6' title="bbox 914 1401 3482 1485; baseline -0.003 -17"><span class='ocrx_word' id='word_1_38' title='bbox 914 1416 1046 1475; x_wconf 84' lang='lat' dir='ltr'>ten‚</span> <span class='ocrx_word' id='word_1_39' title='bbox 1093 1406 1361 1468; x_wconf 79' lang='lat' dir='ltr'>dieweil</span> <span class='ocrx_word' id='word_1_40' title='bbox 1408 1427 1480 1469; x_wconf 90' lang='lat' dir='ltr'>es</span> <span class='ocrx_word' id='word_1_41' title='bbox 1527 1428 1563 1485; x_wconf 83' lang='lat'>9</span> <span class='ocrx_word' id='word_1_42' title='bbox 1613 1404 1878 1468; x_wconf 82' lang='lat' dir='ltr'>Stuben</span> <span class='ocrx_word' id='word_1_43' title='bbox 1936 1407 2078 1467; x_wconf 87' lang='lat' dir='ltr'>und</span> <span class='ocrx_word' id='word_1_44' title='bbox 2142 1406 2527 1467; x_wconf 88' lang='lat' dir='ltr'>Kammern</span> <span class='ocrx_word' id='word_1_45' title='bbox 2586 1407 2806 1474; x_wconf 86' lang='lat' dir='ltr'>hatte,</span> <span class='ocrx_word' id='word_1_46' title='bbox 2866 1404 2999 1463; x_wconf 87' lang='lat' dir='ltr'>den</span> <span class='ocrx_word' id='word_1_47' title='bbox 3073 1401 3482 1482; x_wconf 82' lang='lat' dir='ltr'>Prophosen</span> 
     </span>
     <span class='ocr_line' id='line_1_7' title="bbox 915 1539 3483 1624; baseline -0.002 -19"><span class='ocrx_word' id='word_1_48' title='bbox 915 1544 1039 1606; x_wconf 89' lang='lat' dir='ltr'>mit</span> <span class='ocrx_word' id='word_1_49' title='bbox 1091 1545 1224 1607; x_wconf 89' lang='lat' dir='ltr'>den</span> <span class='ocrx_word' id='word_1_50' title='bbox 1287 1543 2042 1606; x_wconf 81' lang='lat' dir='ltr'>Steckkenknechtenn</span> <span class='ocrx_word' id='word_1_51' title='bbox 2121 1544 2259 1604; x_wconf 89' lang='lat' dir='ltr'>und</span> <span class='ocrx_word' id='word_1_52' title='bbox 2326 1540 2769 1624; x_wconf 87' lang='lat' dir='ltr'>gefangenen</span> <span class='ocrx_word' id='word_1_53' title='bbox 2830 1541 3103 1621; x_wconf 85' lang='lat' dir='ltr'>hynein.</span> <span class='ocrx_word' id='word_1_54' title='bbox 3239 1539 3483 1620; x_wconf 88' lang='lat' dir='ltr'>Itaque</span> 
     </span>
     <span class='ocr_line' id='line_1_8' title="bbox 914 1677 3479 1762; baseline -0.002 -20"><span class='ocrx_word' id='word_1_55' title='bbox 914 1680 1084 1743; x_wconf 80' lang='lat' dir='ltr'>vidit</span> <span class='ocrx_word' id='word_1_56' title='bbox 1145 1680 1481 1762; x_wconf 78' lang='lat' dir='ltr'>Agricola</span> <span class='ocrx_word' id='word_1_57' title='bbox 1545 1699 1778 1741; x_wconf 86' lang='lat' dir='ltr'>casum</span> <span class='ocrx_word' id='word_1_58' title='bbox 1844 1690 2084 1740; x_wconf 88' lang='lat' dir='ltr'>terrae.</span> <span class='ocrx_word' id='word_1_59' title='bbox 2192 1677 2372 1740; x_wconf 90' lang='lat' dir='ltr'>Vide</span> <span class='ocrx_word' id='word_1_60' title='bbox 2436 1679 2502 1740; x_wconf 92' lang='lat' dir='ltr'>in</span> <span class='ocrx_word' id='word_1_61' title='bbox 2578 1680 2712 1740; x_wconf 88' lang='lat' dir='ltr'>den</span> <span class='ocrx_word' id='word_1_62' title='bbox 2787 1698 3079 1761; x_wconf 87' lang='lat' dir='ltr'>grossen</span> <span class='ocrx_word' id='word_1_63' title='bbox 3159 1677 3479 1739; x_wconf 88' lang='lat' dir='ltr'>Buchern</span> 
     </span>
    </p>
   </div>
   <div class='ocr_carea' id='block_1_3' title="bbox 915 1816 1489 1898">
    <p class='ocr_par' dir='ltr' id='par_1_3' title="bbox 915 1816 1489 1898">
     <span class='ocr_line' id='line_1_9' title="bbox 915 1816 1489 1898; baseline -0.002 -19"><span class='ocrx_word' id='word_1_64' title='bbox 915 1837 1126 1898; x_wconf 90' lang='lat' dir='ltr'>super</span> <span class='ocrx_word' id='word_1_65' title='bbox 1171 1816 1489 1880; x_wconf 85' lang='lat' dir='ltr'>Genesin.</span> 
     </span>
    </p>
   </div>
   <div class='ocr_carea' id='block_1_4' title="bbox 907 2347 3484 5457">
    <p class='ocr_par' dir='ltr' id='par_1_4' title="bbox 907 2347 3484 5457">
     <span class='ocr_line' id='line_1_10' title="bbox 1088 2347 3481 2429; baseline -0.003 -17"><span class='ocrx_word' id='word_1_66' title='bbox 1088 2348 1200 2412; x_wconf 85' lang='lat' dir='ltr'>Sic</span> <span class='ocrx_word' id='word_1_67' title='bbox 1277 2350 1500 2413; x_wconf 85' lang='lat' dir='ltr'>Halae</span> <span class='ocrx_word' id='word_1_68' title='bbox 1576 2351 1642 2412; x_wconf 88' lang='lat' dir='ltr'>in</span> <span class='ocrx_word' id='word_1_69' title='bbox 1708 2350 2100 2412; x_wconf 66' lang='lat' dir='ltr'>saxonibus</span> <span class='ocrx_word' id='word_1_70' title='bbox 2175 2370 2329 2428; x_wconf 75' lang='lat'>1532</span> <span class='ocrx_word' id='word_1_71' title='bbox 2393 2369 2627 2411; x_wconf 87' lang='lat' dir='ltr'>mense</span> <span class='ocrx_word' id='word_1_72' title='bbox 2691 2347 2904 2429; x_wconf 88' lang='lat' dir='ltr'>Mayo</span> <span class='ocrx_word' id='word_1_73' title='bbox 2972 2347 3481 2408; x_wconf 87' lang='lat' dir='ltr'>contionatores</span> 
     </span>
     <span class='ocr_line' id='line_1_11' title="bbox 917 2483 3482 2566; baseline -0.002 -18"><span class='ocrx_word' id='word_1_74' title='bbox 917 2486 1342 2548; x_wconf 88' lang='lat' dir='ltr'>tradiderunt</span> <span class='ocrx_word' id='word_1_75' title='bbox 1410 2485 1590 2547; x_wconf 81' lang='lat' dir='ltr'>viros</span> <span class='ocrx_word' id='word_1_76' title='bbox 1650 2483 2016 2557; x_wconf 87' lang='lat' dir='ltr'>Sathanae,</span> <span class='ocrx_word' id='word_1_77' title='bbox 2088 2495 2433 2566; x_wconf 88' lang='lat' dir='ltr'>quotquot</span> <span class='ocrx_word' id='word_1_78' title='bbox 2513 2486 2893 2547; x_wconf 85' lang='lat' dir='ltr'>secundum</span> <span class='ocrx_word' id='word_1_79' title='bbox 2973 2483 3482 2546; x_wconf 84' lang='lat' dir='ltr'>ordinacionem</span> 
     </span>
     <span class='ocr_line' id='line_1_12' title="bbox 916 2620 3484 2705; baseline -0.001 -21"><span class='ocrx_word' id='word_1_80' title='bbox 916 2622 1167 2685; x_wconf 84' lang='lat' dir='ltr'>Christi</span> <span class='ocrx_word' id='word_1_81' title='bbox 1211 2623 1483 2705; x_wconf 82' lang='lat' dir='ltr'>integra</span> <span class='ocrx_word' id='word_1_82' title='bbox 1530 2623 1633 2684; x_wconf 90' lang='lat' dir='ltr'>usi</span> <span class='ocrx_word' id='word_1_83' title='bbox 1678 2620 1929 2684; x_wconf 87' lang='lat' dir='ltr'>fuerint</span> <span class='ocrx_word' id='word_1_84' title='bbox 1975 2622 2402 2684; x_wconf 87' lang='lat' dir='ltr'>eucharistia.</span> <span class='ocrx_word' id='word_1_85' title='bbox 2495 2621 2654 2684; x_wconf 92' lang='lat' dir='ltr'>Huc</span> <span class='ocrx_word' id='word_1_86' title='bbox 2717 2623 3028 2704; x_wconf 88' lang='lat' dir='ltr'>pertinet,</span> <span class='ocrx_word' id='word_1_87' title='bbox 3092 2622 3277 2702; x_wconf 91' lang='lat' dir='ltr'>quod</span> <span class='ocrx_word' id='word_1_88' title='bbox 3325 2620 3484 2682; x_wconf 86' lang='lat' dir='ltr'>scri-</span> 
     </span>
     <span class='ocr_line' id='line_1_13' title="bbox 915 2757 3483 2842; baseline -0.002 -20"><span class='ocrx_word' id='word_1_89' title='bbox 915 2761 1097 2822; x_wconf 87' lang='lat' dir='ltr'>bitur</span> <span class='ocrx_word' id='word_1_90' title='bbox 1142 2762 1227 2822; x_wconf 91' lang='lat' dir='ltr'>de</span> <span class='ocrx_word' id='word_1_91' title='bbox 1275 2759 1583 2823; x_wconf 81' lang='lat' dir='ltr'>Sathana</span> <span class='ocrx_word' id='word_1_92' title='bbox 1632 2760 1697 2822; x_wconf 92' lang='lat' dir='ltr'>in</span> <span class='ocrx_word' id='word_1_93' title='bbox 1746 2759 2149 2842; x_wconf 78' lang='lat' dir='ltr'>EvangeliO,</span> <span class='ocrx_word' id='word_1_94' title='bbox 2198 2759 2313 2841; x_wconf 89' lang='lat' dir='ltr'>qui</span> <span class='ocrx_word' id='word_1_95' title='bbox 2358 2770 2553 2822; x_wconf 89' lang='lat' dir='ltr'>tanto</span> <span class='ocrx_word' id='word_1_96' title='bbox 2599 2760 2775 2842; x_wconf 90' lang='lat' dir='ltr'>perit</span> <span class='ocrx_word' id='word_1_97' title='bbox 2834 2757 3011 2830; x_wconf 83' lang='lat' dir='ltr'>furit,</span> <span class='ocrx_word' id='word_1_98' title='bbox 3075 2778 3230 2820; x_wconf 86' lang='lat' dir='ltr'>cum</span> <span class='ocrx_word' id='word_1_99' title='bbox 3293 2758 3483 2820; x_wconf 79' lang='lat' dir='ltr'>exire</span> 
     </span>
     <span class='ocr_line' id='line_1_14' title="bbox 907 2895 3482 2979; baseline -0 -21"><span class='ocrx_word' id='word_1_100' title='bbox 907 2898 1185 2979; x_wconf 88' lang='lat' dir='ltr'>jubetur</span> <span class='ocrx_word' id='word_1_101' title='bbox 1229 2898 1315 2958; x_wconf 90' lang='lat' dir='ltr'>de</span> <span class='ocrx_word' id='word_1_102' title='bbox 1361 2895 1768 2966; x_wconf 83' lang='lat' dir='ltr'>hominibuS,</span> <span class='ocrx_word' id='word_1_103' title='bbox 1836 2916 2010 2977; x_wconf 88' lang='lat' dir='ltr'>quos</span> <span class='ocrx_word' id='word_1_104' title='bbox 2058 2896 2344 2957; x_wconf 87' lang='lat' dir='ltr'>obsedit.</span> <span class='ocrx_word' id='word_1_105' title='bbox 2454 2895 2644 2957; x_wconf 89' lang='lat' dir='ltr'>Idem</span> <span class='ocrx_word' id='word_1_106' title='bbox 2710 2896 2958 2959; x_wconf 87' lang='lat' dir='ltr'>accidit</span> <span class='ocrx_word' id='word_1_107' title='bbox 3030 2896 3251 2966; x_wconf 89' lang='lat' dir='ltr'>michi,</span> <span class='ocrx_word' id='word_1_108' title='bbox 3318 2897 3482 2958; x_wconf 89' lang='lat' dir='ltr'>dum</span> 
     </span>
     <span class='ocr_line' id='line_1_15' title="bbox 914 3014 3478 3116; baseline 0 -22"><span class='ocrx_word' id='word_1_109' title='bbox 914 3032 1226 3116; x_wconf 87' lang='lat' dir='ltr'>fugerem</span> <span class='ocrx_word' id='word_1_110' title='bbox 1275 3014 1645 3096; x_wconf 85' lang='lat' dir='ltr'>Dominum</span> <span class='ocrx_word' id='word_1_111' title='bbox 1694 3033 2178 3116; x_wconf 43' lang='lat' dir='ltr'>&amp;Vittebergae</span> <span class='ocrx_word' id='word_1_112' title='bbox 2238 3055 2412 3112; x_wconf 77' lang='lat'>1523,</span> <span class='ocrx_word' id='word_1_113' title='bbox 2466 3055 2541 3111; x_wconf 83' lang='lat'>24</span> <span class='ocrx_word' id='word_1_114' title='bbox 2590 3046 2660 3095; x_wconf 89' lang='lat' dir='ltr'>et</span> <span class='ocrx_word' id='word_1_115' title='bbox 2712 3055 2805 3113; x_wconf 84' lang='lat'>25.</span> <span class='ocrx_word' id='word_1_116' title='bbox 2907 3034 3034 3097; x_wconf 91' lang='lat' dir='ltr'>Fui</span> <span class='ocrx_word' id='word_1_117' title='bbox 3095 3034 3355 3096; x_wconf 85' lang='lat' dir='ltr'>electus</span> <span class='ocrx_word' id='word_1_118' title='bbox 3412 3033 3478 3094; x_wconf 89' lang='lat' dir='ltr'>in</span> 
     </span>
     <span class='ocr_line' id='line_1_16' title="bbox 915 3160 3479 3252; baseline -0.001 -18"><span class='ocrx_word' id='word_1_119' title='bbox 915 3160 1344 3248; x_wconf 75' lang='lat' dir='ltr'>a’vava&#39;omv</span> <span class='ocrx_word' id='word_1_120' title='bbox 1376 3172 1444 3233; x_wconf 87' lang='lat' dir='ltr'>in</span> <span class='ocrx_word' id='word_1_121' title='bbox 1494 3172 1757 3252; x_wconf 89' lang='lat' dir='ltr'>templo</span> <span class='ocrx_word' id='word_1_122' title='bbox 1794 3192 1835 3232; x_wconf 87' lang='lat' dir='ltr'>a</span> <span class='ocrx_word' id='word_1_123' title='bbox 1864 3170 2168 3232; x_wconf 87' lang='lat' dir='ltr'>Luthero</span> <span class='ocrx_word' id='word_1_124' title='bbox 2209 3181 2278 3232; x_wconf 88' lang='lat' dir='ltr'>et</span> <span class='ocrx_word' id='word_1_125' title='bbox 2321 3170 2615 3252; x_wconf 60' lang='lat' dir='ltr'>reliquis</span> <span class='ocrx_word' id='word_1_126' title='bbox 2662 3191 2900 3232; x_wconf 83' lang='lat' dir='ltr'>verum</span> <span class='ocrx_word' id='word_1_127' title='bbox 2953 3190 3105 3232; x_wconf 90' lang='lat' dir='ltr'>curn</span> <span class='ocrx_word' id='word_1_128' title='bbox 3154 3171 3479 3242; x_wconf 80' lang='lat' dir='ltr'>viderem,</span> 
     </span>
     <span class='ocr_line' id='line_1_17' title="bbox 912 3307 3480 3391; baseline -0.001 -21"><span class='ocrx_word' id='word_1_129' title='bbox 912 3309 1067 3390; x_wconf 89' lang='lat' dir='ltr'>plus</span> <span class='ocrx_word' id='word_1_130' title='bbox 1113 3309 1277 3371; x_wconf 87' lang='lat' dir='ltr'>satis</span> <span class='ocrx_word' id='word_1_131' title='bbox 1330 3311 1659 3371; x_wconf 88' lang='lat' dir='ltr'>malorum</span> <span class='ocrx_word' id='word_1_132' title='bbox 1713 3329 1880 3380; x_wconf 88' lang='lat' dir='ltr'>esse,</span> <span class='ocrx_word' id='word_1_133' title='bbox 1929 3329 2153 3391; x_wconf 89' lang='lat' dir='ltr'>neque</span> <span class='ocrx_word' id='word_1_134' title='bbox 2200 3329 2408 3390; x_wconf 91' lang='lat' dir='ltr'>posse</span> <span class='ocrx_word' id='word_1_135' title='bbox 2456 3329 2565 3370; x_wconf 88' lang='lat' dir='ltr'>me</span> <span class='ocrx_word' id='word_1_136' title='bbox 2599 3308 2768 3370; x_wconf 87' lang='lat' dir='ltr'>alios</span> <span class='ocrx_word' id='word_1_137' title='bbox 2804 3309 3070 3378; x_wconf 90' lang='lat' dir='ltr'>docere,</span> <span class='ocrx_word' id='word_1_138' title='bbox 3119 3308 3184 3370; x_wconf 89' lang='lat' dir='ltr'>in</span> <span class='ocrx_word' id='word_1_139' title='bbox 3234 3307 3480 3389; x_wconf 91' lang='lat' dir='ltr'>quibus</span> 
     </span>
     <span class='ocr_line' id='line_1_18' title="bbox 914 3445 3479 3529; baseline 0 -22"><span class='ocrx_word' id='word_1_140' title='bbox 914 3467 1048 3529; x_wconf 86' lang='lat' dir='ltr'>ego</span> <span class='ocrx_word' id='word_1_141' title='bbox 1072 3466 1257 3508; x_wconf 91' lang='lat' dir='ltr'>eram</span> <span class='ocrx_word' id='word_1_142' title='bbox 1280 3447 1641 3520; x_wconf 83' lang='lat' dir='ltr'>obnoxiuS,</span> <span class='ocrx_word' id='word_1_143' title='bbox 1658 3447 2057 3529; x_wconf 85' lang='lat' dir='ltr'>praesertim</span> <span class='ocrx_word' id='word_1_144' title='bbox 2086 3467 2240 3509; x_wconf 92' lang='lat' dir='ltr'>cum</span> <span class='ocrx_word' id='word_1_145' title='bbox 2260 3449 2331 3525; x_wconf 76' lang='lat'>(.³)</span> <span class='ocrx_word' id='word_1_146' title='bbox 2354 3466 2592 3508; x_wconf 79' lang='lat' dir='ltr'>severe</span> <span class='ocrx_word' id='word_1_147' title='bbox 2614 3445 2844 3508; x_wconf 86' lang='lat' dir='ltr'>omnia</span> <span class='ocrx_word' id='word_1_148' title='bbox 2862 3446 3291 3527; x_wconf 86' lang='lat' dir='ltr'>inspectante</span> <span class='ocrx_word' id='word_1_149' title='bbox 3311 3445 3479 3508; x_wconf 88' lang='lat' dir='ltr'>Deo.</span> 
     </span>
     <span class='ocr_line' id='line_1_19' title="bbox 913 3581 3480 3666; baseline -0 -21"><span class='ocrx_word' id='word_1_150' title='bbox 913 3582 1087 3645; x_wconf 91' lang='lat' dir='ltr'>Wer</span> <span class='ocrx_word' id='word_1_151' title='bbox 1147 3582 1257 3645; x_wconf 89' lang='lat' dir='ltr'>fur</span> <span class='ocrx_word' id='word_1_152' title='bbox 1303 3581 1516 3647; x_wconf 88' lang='lat' dir='ltr'>Gotte</span> <span class='ocrx_word' id='word_1_153' title='bbox 1563 3583 1901 3666; x_wconf 84' lang='lat' dir='ltr'>predigen</span> <span class='ocrx_word' id='word_1_154' title='bbox 1949 3584 2094 3656; x_wconf 81' lang='lat' dir='ltr'>soll,</span> <span class='ocrx_word' id='word_1_155' title='bbox 2144 3583 2305 3645; x_wconf 85' lang='lat' dir='ltr'>Ach</span> <span class='ocrx_word' id='word_1_156' title='bbox 2356 3582 2576 3645; x_wconf 88' lang='lat' dir='ltr'>Herre</span> <span class='ocrx_word' id='word_1_157' title='bbox 2625 3581 2809 3654; x_wconf 85' lang='lat' dir='ltr'>Gott‚</span> <span class='ocrx_word' id='word_1_158' title='bbox 2867 3584 3008 3645; x_wconf 90' lang='lat' dir='ltr'>und</span> <span class='ocrx_word' id='word_1_159' title='bbox 3054 3584 3272 3654; x_wconf 81' lang='lat' dir='ltr'>weiSS,</span> <span class='ocrx_word' id='word_1_160' title='bbox 3321 3584 3480 3645; x_wconf 89' lang='lat' dir='ltr'>dass</span> 
     </span>
     <span class='ocr_line' id='line_1_20' title="bbox 916 3718 3484 3794; baseline 0.001 -12"><span class='ocrx_word' id='word_1_161' title='bbox 916 3741 990 3782; x_wconf 87' lang='lat' dir='ltr'>es</span> <span class='ocrx_word' id='word_1_162' title='bbox 1038 3718 1285 3784; x_wconf 88' lang='lat' dir='ltr'>Gottes</span> <span class='ocrx_word' id='word_1_163' title='bbox 1332 3723 1663 3784; x_wconf 75' lang='lat' dir='ltr'>hochstes</span> <span class='ocrx_word' id='word_1_164' title='bbox 1710 3723 1900 3784; x_wconf 80' lang='lat' dir='ltr'>werk</span> <span class='ocrx_word' id='word_1_165' title='bbox 1945 3722 2049 3794; x_wconf 89' lang='lat' dir='ltr'>ist,</span> <span class='ocrx_word' id='word_1_166' title='bbox 2098 3723 2238 3783; x_wconf 91' lang='lat' dir='ltr'>und</span> <span class='ocrx_word' id='word_1_167' title='bbox 2285 3723 2371 3783; x_wconf 86' lang='lat' dir='ltr'>ist</span> <span class='ocrx_word' id='word_1_168' title='bbox 2418 3724 2598 3784; x_wconf 92' lang='lat' dir='ltr'>noch</span> <span class='ocrx_word' id='word_1_169' title='bbox 2634 3720 2874 3792; x_wconf 86' lang='lat' dir='ltr'>sicher,</span> <span class='ocrx_word' id='word_1_170' title='bbox 2922 3723 3062 3783; x_wconf 91' lang='lat' dir='ltr'>und</span> <span class='ocrx_word' id='word_1_171' title='bbox 3100 3722 3484 3784; x_wconf 86' lang='lat' dir='ltr'>erschrickt</span> 
     </span>
     <span class='ocr_line' id='line_1_21' title="bbox 916 3856 3482 3940; baseline 0.001 -22"><span class='ocrx_word' id='word_1_172' title='bbox 916 3858 1103 3919; x_wconf 91' lang='lat' dir='ltr'>nicht</span> <span class='ocrx_word' id='word_1_173' title='bbox 1147 3856 1395 3931; x_wconf 88' lang='lat' dir='ltr'>darfur‚</span> <span class='ocrx_word' id='word_1_174' title='bbox 1442 3859 1565 3920; x_wconf 88' lang='lat' dir='ltr'>der</span> <span class='ocrx_word' id='word_1_175' title='bbox 1611 3878 1798 3920; x_wconf 87' lang='lat' dir='ltr'>muss</span> <span class='ocrx_word' id='word_1_176' title='bbox 1866 3857 2145 3920; x_wconf 80' lang='lat' dir='ltr'>warlich</span> <span class='ocrx_word' id='word_1_177' title='bbox 2210 3857 2318 3919; x_wconf 89' lang='lat' dir='ltr'>die</span> <span class='ocrx_word' id='word_1_178' title='bbox 2365 3877 2690 3939; x_wconf 82' lang='lat' dir='ltr'>cysserne</span> <span class='ocrx_word' id='word_1_179' title='bbox 2737 3857 2992 3940; x_wconf 81' lang='lat' dir='ltr'>Styrne</span> <span class='ocrx_word' id='word_1_180' title='bbox 3039 3860 3283 3930; x_wconf 89' lang='lat' dir='ltr'>haben,</span> <span class='ocrx_word' id='word_1_181' title='bbox 3343 3861 3482 3921; x_wconf 89' lang='lat' dir='ltr'>und</span> 
     </span>
     <span class='ocr_line' id='line_1_22' title="bbox 916 3993 3482 4078; baseline 0.001 -23"><span class='ocrx_word' id='word_1_182' title='bbox 916 3996 1023 4056; x_wconf 89' lang='lat' dir='ltr'>ein</span> <span class='ocrx_word' id='word_1_183' title='bbox 1070 3997 1476 4057; x_wconf 77' lang='lat' dir='ltr'>verruckter</span> <span class='ocrx_word' id='word_1_184' title='bbox 1523 3996 1831 4059; x_wconf 88' lang='lat' dir='ltr'>Mensch.</span> <span class='ocrx_word' id='word_1_185' title='bbox 1921 3995 2031 4057; x_wconf 92' lang='lat' dir='ltr'>Da</span> <span class='ocrx_word' id='word_1_186' title='bbox 2076 3993 2225 4057; x_wconf 87' lang='lat' dir='ltr'>lieff</span> <span class='ocrx_word' id='word_1_187' title='bbox 2261 3996 2371 4057; x_wconf 92' lang='lat' dir='ltr'>ich</span> <span class='ocrx_word' id='word_1_188' title='bbox 2422 4015 2560 4078; x_wconf 89' lang='lat' dir='ltr'>gen</span> <span class='ocrx_word' id='word_1_189' title='bbox 2615 3995 2985 4077; x_wconf 88' lang='lat' dir='ltr'>Eysleben,</span> <span class='ocrx_word' id='word_1_190' title='bbox 3045 4017 3133 4058; x_wconf 90' lang='lat' dir='ltr'>ne</span> <span class='ocrx_word' id='word_1_191' title='bbox 3188 3996 3482 4078; x_wconf 86' lang='lat' dir='ltr'>amplius</span> 
     </span>
     <span class='ocr_line' id='line_1_23' title="bbox 915 4132 3483 4217; baseline 0.003 -25"><span class='ocrx_word' id='word_1_192' title='bbox 915 4132 1233 4193; x_wconf 88' lang='lat' dir='ltr'>docerem</span> <span class='ocrx_word' id='word_1_193' title='bbox 1280 4135 1585 4199; x_wconf 82' lang='lat' dir='ltr'>verbum.</span> <span class='ocrx_word' id='word_1_194' title='bbox 1646 4136 1768 4195; x_wconf 90' lang='lat' dir='ltr'>sed</span> <span class='ocrx_word' id='word_1_195' title='bbox 1815 4134 1878 4195; x_wconf 90' lang='lat' dir='ltr'>in</span> <span class='ocrx_word' id='word_1_196' title='bbox 1929 4135 2201 4195; x_wconf 90' lang='lat' dir='ltr'>occulto</span> <span class='ocrx_word' id='word_1_197' title='bbox 2261 4133 2539 4195; x_wconf 85' lang='lat' dir='ltr'>latitans</span> <span class='ocrx_word' id='word_1_198' title='bbox 2600 4133 2933 4196; x_wconf 89' lang='lat' dir='ltr'>discerem</span> <span class='ocrx_word' id='word_1_199' title='bbox 2997 4135 3285 4217; x_wconf 73' lang='lat' dir='ltr'>linguas,</span> <span class='ocrx_word' id='word_1_200' title='bbox 3391 4136 3483 4199; x_wconf 84' lang='lat' dir='ltr'>Et</span> 
     </span>
     <span class='ocr_line' id='line_1_24' title="bbox 915 4270 3478 4352; baseline 0.002 -22"><span class='ocrx_word' id='word_1_201' title='bbox 915 4288 1075 4331; x_wconf 92' lang='lat' dir='ltr'>ecce</span> <span class='ocrx_word' id='word_1_202' title='bbox 1113 4280 1393 4332; x_wconf 87' lang='lat' dir='ltr'>coactus</span> <span class='ocrx_word' id='word_1_203' title='bbox 1427 4291 1577 4332; x_wconf 87' lang='lat' dir='ltr'>sum</span> <span class='ocrx_word' id='word_1_204' title='bbox 1621 4274 1866 4333; x_wconf 86' lang='lat' dir='ltr'>iterum</span> <span class='ocrx_word' id='word_1_205' title='bbox 1905 4271 2170 4332; x_wconf 89' lang='lat' dir='ltr'>docere.</span> <span class='ocrx_word' id='word_1_206' title='bbox 2263 4270 2606 4351; x_wconf 87' lang='lat' dir='ltr'>Principio</span> <span class='ocrx_word' id='word_1_207' title='bbox 2646 4270 2879 4352; x_wconf 89' lang='lat' dir='ltr'>itaque</span> <span class='ocrx_word' id='word_1_208' title='bbox 2914 4273 3265 4335; x_wconf 86' lang='lat' dir='ltr'>doctrinae.</span> <span class='ocrx_word' id='word_1_209' title='bbox 3307 4274 3478 4336; x_wconf 79' lang='lat' dir='ltr'>dixi:</span> 
     </span>
     <span class='ocr_line' id='line_1_25' title="bbox 914 4404 3478 4491; baseline 0.003 -24"><span class='ocrx_word' id='word_1_210' title='bbox 914 4404 1145 4468; x_wconf 88' lang='lat' dir='ltr'>Wenn</span> <span class='ocrx_word' id='word_1_211' title='bbox 1193 4406 1302 4469; x_wconf 93' lang='lat' dir='ltr'>ich</span> <span class='ocrx_word' id='word_1_212' title='bbox 1344 4410 1412 4490; x_wconf 89' lang='lat' dir='ltr'>ja</span> <span class='ocrx_word' id='word_1_213' title='bbox 1459 4408 1791 4491; x_wconf 88' lang='lat' dir='ltr'>predigen</span> <span class='ocrx_word' id='word_1_214' title='bbox 1840 4410 1969 4471; x_wconf 92' lang='lat' dir='ltr'>soll</span> <span class='ocrx_word' id='word_1_215' title='bbox 2017 4410 2154 4470; x_wconf 90' lang='lat' dir='ltr'>und</span> <span class='ocrx_word' id='word_1_216' title='bbox 2204 4428 2407 4480; x_wconf 88' lang='lat' dir='ltr'>muss,</span> <span class='ocrx_word' id='word_1_217' title='bbox 2471 4428 2547 4471; x_wconf 89' lang='lat' dir='ltr'>so</span> <span class='ocrx_word' id='word_1_218' title='bbox 2606 4410 2743 4471; x_wconf 86' lang='lat' dir='ltr'>will</span> <span class='ocrx_word' id='word_1_219' title='bbox 2789 4410 2934 4472; x_wconf 90' lang='lat' dir='ltr'>ichs</span> <span class='ocrx_word' id='word_1_220' title='bbox 2981 4431 3124 4472; x_wconf 87' lang='lat' dir='ltr'>war</span> <span class='ocrx_word' id='word_1_221' title='bbox 3171 4414 3478 4483; x_wconf 78' lang='lat' dir='ltr'>macheu,</span> 
     </span>
     <span class='ocr_line' id='line_1_26' title="bbox 914 4543 3480 4627; baseline 0.003 -24"><span class='ocrx_word' id='word_1_222' title='bbox 914 4544 1035 4604; x_wconf 86' lang='lat' dir='ltr'>das</span> <span class='ocrx_word' id='word_1_223' title='bbox 1083 4543 1191 4604; x_wconf 90' lang='lat' dir='ltr'>die</span> <span class='ocrx_word' id='word_1_224' title='bbox 1237 4544 1420 4606; x_wconf 87' lang='lat' dir='ltr'>leute</span> <span class='ocrx_word' id='word_1_225' title='bbox 1467 4544 1657 4607; x_wconf 88' lang='lat' dir='ltr'>nicht</span> <span class='ocrx_word' id='word_1_226' title='bbox 1683 4543 1998 4607; x_wconf 87' lang='lat' dir='ltr'>Christen</span> <span class='ocrx_word' id='word_1_227' title='bbox 2048 4545 2210 4607; x_wconf 89' lang='lat' dir='ltr'>sein.</span> <span class='ocrx_word' id='word_1_228' title='bbox 2306 4545 2607 4627; x_wconf 88' lang='lat' dir='ltr'>Ursique</span> <span class='ocrx_word' id='word_1_229' title='bbox 2654 4549 3106 4609; x_wconf 82' lang='lat' dir='ltr'>vehementer</span> <span class='ocrx_word' id='word_1_230' title='bbox 3150 4548 3217 4609; x_wconf 91' lang='lat' dir='ltr'>in</span> <span class='ocrx_word' id='word_1_231' title='bbox 3266 4550 3480 4611; x_wconf 90' lang='lat' dir='ltr'>omni-</span> 
     </span>
     <span class='ocr_line' id='line_1_27' title="bbox 914 4682 3480 4768; baseline 0.002 -26"><span class='ocrx_word' id='word_1_232' title='bbox 914 4682 1041 4742; x_wconf 92' lang='lat' dir='ltr'>bus</span> <span class='ocrx_word' id='word_1_233' title='bbox 1089 4683 1534 4744; x_wconf 88' lang='lat' dir='ltr'>concionibus</span> <span class='ocrx_word' id='word_1_234' title='bbox 1580 4683 2085 4764; x_wconf 85' lang='lat' dir='ltr'>poenitenciam</span> <span class='ocrx_word' id='word_1_235' title='bbox 2135 4693 2204 4745; x_wconf 90' lang='lat' dir='ltr'>et</span> <span class='ocrx_word' id='word_1_236' title='bbox 2260 4683 2727 4745; x_wconf 86' lang='lat' dir='ltr'>remissionem</span> <span class='ocrx_word' id='word_1_237' title='bbox 2777 4694 3236 4764; x_wconf 87' lang='lat' dir='ltr'>peccatorum,</span> <span class='ocrx_word' id='word_1_238' title='bbox 3295 4689 3480 4768; x_wconf 91' lang='lat' dir='ltr'>quod</span> 
     </span>
     <span class='ocr_line' id='line_1_28' title="bbox 914 4816 3481 4903; baseline 0.003 -25"><span class='ocrx_word' id='word_1_239' title='bbox 914 4817 1032 4898; x_wconf 92' lang='lat' dir='ltr'>qui</span> <span class='ocrx_word' id='word_1_240' title='bbox 1077 4817 1254 4879; x_wconf 90' lang='lat' dir='ltr'>male</span> <span class='ocrx_word' id='word_1_241' title='bbox 1302 4816 1622 4891; x_wconf 83' lang='lat' dir='ltr'>facerent,</span> <span class='ocrx_word' id='word_1_242' title='bbox 1672 4820 2005 4881; x_wconf 83' lang='lat' dir='ltr'>violarent</span> <span class='ocrx_word' id='word_1_243' title='bbox 2052 4822 2282 4902; x_wconf 88' lang='lat' dir='ltr'>legem</span> <span class='ocrx_word' id='word_1_244' title='bbox 2330 4820 2477 4882; x_wconf 85' lang='lat' dir='ltr'>Dei.</span> <span class='ocrx_word' id='word_1_245' title='bbox 2580 4820 2850 4883; x_wconf 86' lang='lat' dir='ltr'>Deinde</span> <span class='ocrx_word' id='word_1_246' title='bbox 2909 4823 3094 4903; x_wconf 93' lang='lat' dir='ltr'>quod</span> <span class='ocrx_word' id='word_1_247' title='bbox 3144 4824 3481 4886; x_wconf 84' lang='lat' dir='ltr'>violarent</span> 
     </span>
     <span class='ocr_line' id='line_1_29' title="bbox 914 4953 3480 5043; baseline 0.004 -28"><span class='ocrx_word' id='word_1_248' title='bbox 914 4963 983 5016; x_wconf 87' lang='lat' dir='ltr'>et</span> <span class='ocrx_word' id='word_1_249' title='bbox 1029 4955 1114 5015; x_wconf 91' lang='lat' dir='ltr'>de</span> <span class='ocrx_word' id='word_1_250' title='bbox 1159 4953 1431 5036; x_wconf 87' lang='lat' dir='ltr'>integro</span> <span class='ocrx_word' id='word_1_251' title='bbox 1480 4953 1963 5036; x_wconf 84' lang='lat' dir='ltr'>crucifigerent</span> <span class='ocrx_word' id='word_1_252' title='bbox 2008 4953 2240 5017; x_wconf 87' lang='lat' dir='ltr'>filium.</span> <span class='ocrx_word' id='word_1_253' title='bbox 2352 4956 2614 5019; x_wconf 80' lang='lat' dir='ltr'>Verum</span> <span class='ocrx_word' id='word_1_254' title='bbox 2662 4978 2799 5038; x_wconf 92' lang='lat' dir='ltr'>quo</span> <span class='ocrx_word' id='word_1_255' title='bbox 2847 4959 3069 5042; x_wconf 87' lang='lat' dir='ltr'>magis</span> <span class='ocrx_word' id='word_1_256' title='bbox 3115 4961 3278 5033; x_wconf 90' lang='lat' dir='ltr'>ursi,</span> <span class='ocrx_word' id='word_1_257' title='bbox 3345 4982 3480 5043; x_wconf 90' lang='lat' dir='ltr'>quo</span> 
     </span>
     <span class='ocr_line' id='line_1_30' title="bbox 912 5091 3481 5178; baseline 0.005 -27"><span class='ocrx_word' id='word_1_258' title='bbox 912 5091 1135 5174; x_wconf 89' lang='lat' dir='ltr'>magis</span> <span class='ocrx_word' id='word_1_259' title='bbox 1201 5093 1334 5153; x_wconf 93' lang='lat' dir='ltr'>hoc</span> <span class='ocrx_word' id='word_1_260' title='bbox 1398 5092 1826 5173; x_wconf 86' lang='lat' dir='ltr'>perciperent</span> <span class='ocrx_word' id='word_1_261' title='bbox 1890 5107 2095 5176; x_wconf 86' lang='lat' dir='ltr'>atque</span> <span class='ocrx_word' id='word_1_262' title='bbox 2160 5095 2627 5178; x_wconf 85' lang='lat' dir='ltr'>intelligerent</span> <span class='ocrx_word' id='word_1_263' title='bbox 2686 5097 3033 5161; x_wconf 90' lang='lat' dir='ltr'>homines:</span> <span class='ocrx_word' id='word_1_264' title='bbox 3105 5120 3189 5163; x_wconf 90' lang='lat' dir='ltr'>eo</span> <span class='ocrx_word' id='word_1_265' title='bbox 3256 5101 3481 5164; x_wconf 88' lang='lat' dir='ltr'>minus</span> 
     </span>
     <span class='ocr_line' id='line_1_31' title="bbox 912 5228 3483 5311; baseline 0.005 -23"><span class='ocrx_word' id='word_1_266' title='bbox 912 5228 1276 5309; x_wconf 89' lang='lat' dir='ltr'>obsequuti</span> <span class='ocrx_word' id='word_1_267' title='bbox 1344 5232 1573 5294; x_wconf 80' lang='lat' dir='ltr'>verbo,</span> <span class='ocrx_word' id='word_1_268' title='bbox 1645 5241 2021 5311; x_wconf 90' lang='lat' dir='ltr'>coeperunt</span> <span class='ocrx_word' id='word_1_269' title='bbox 2100 5242 2285 5293; x_wconf 86' lang='lat' dir='ltr'>recte</span> <span class='ocrx_word' id='word_1_270' title='bbox 2355 5232 2596 5295; x_wconf 90' lang='lat' dir='ltr'>furere.</span> <span class='ocrx_word' id='word_1_271' title='bbox 2722 5234 3030 5297; x_wconf 85' lang='lat' dir='ltr'>Darumb</span> <span class='ocrx_word' id='word_1_272' title='bbox 3107 5238 3277 5300; x_wconf 89' lang='lat' dir='ltr'>soltt</span> <span class='ocrx_word' id='word_1_273' title='bbox 3360 5241 3483 5301; x_wconf 90' lang='lat' dir='ltr'>der</span> 
     </span>
     <span class='ocr_line' id='line_1_32' title="bbox 911 5362 3479 5457; baseline 0.005 -32"><span class='ocrx_word' id='word_1_274' title='bbox 911 5362 1178 5426; x_wconf 86' lang='lat' dir='ltr'>Teuffel</span> <span class='ocrx_word' id='word_1_275' title='bbox 1224 5385 1310 5427; x_wconf 87' lang='lat' dir='ltr'>an</span> <span class='ocrx_word' id='word_1_276' title='bbox 1372 5386 1658 5448; x_wconf 86' lang='lat' dir='ltr'>meyner</span> <span class='ocrx_word' id='word_1_277' title='bbox 1714 5367 1932 5428; x_wconf 86' lang='lat' dir='ltr'>stadtt</span> <span class='ocrx_word' id='word_1_278' title='bbox 1989 5367 2096 5429; x_wconf 90' lang='lat' dir='ltr'>ein</span> <span class='ocrx_word' id='word_1_279' title='bbox 2157 5369 2481 5451; x_wconf 87' lang='lat' dir='ltr'>prediger</span> <span class='ocrx_word' id='word_1_280' title='bbox 2546 5370 2667 5431; x_wconf 89' lang='lat' dir='ltr'>des</span> <span class='ocrx_word' id='word_1_281' title='bbox 2731 5370 3222 5454; x_wconf 84' lang='lat' dir='ltr'>Ewangelions</span> <span class='ocrx_word' id='word_1_282' title='bbox 3290 5395 3479 5457; x_wconf 89' lang='lat' dir='ltr'>seyn,</span> 
     </span>
    </p>
   </div>
   <div class='ocr_carea' id='block_1_5' title="bbox 912 5502 3480 5594">
    <p class='ocr_par' dir='ltr' id='par_1_5' title="bbox 912 5502 3480 5594">
     <span class='ocr_line' id='line_1_33' title="bbox 912 5502 3480 5594; baseline 0.005 -32"><span class='ocrx_word' id='word_1_283' title='bbox 912 5521 1065 5563; x_wconf 82' lang='lat' dir='ltr'>wue</span> <span class='ocrx_word' id='word_1_284' title='bbox 1124 5502 1313 5564; x_wconf 91' lang='lat' dir='ltr'>nicht</span> <span class='ocrx_word' id='word_1_285' title='bbox 1371 5502 1477 5564; x_wconf 88' lang='lat' dir='ltr'>ein</span> <span class='ocrx_word' id='word_1_286' title='bbox 1542 5503 1712 5566; x_wconf 88' lang='lat' dir='ltr'>Gott</span> <span class='ocrx_word' id='word_1_287' title='bbox 1768 5526 1964 5578; x_wconf 82' lang='lat' dir='ltr'>were,</span> <span class='ocrx_word' id='word_1_288' title='bbox 2031 5508 2153 5569; x_wconf 90' lang='lat' dir='ltr'>der</span> <span class='ocrx_word' id='word_1_289' title='bbox 2200 5526 2272 5568; x_wconf 84' lang='lat' dir='ltr'>es</span> <span class='ocrx_word' id='word_1_290' title='bbox 2329 5507 2507 5569; x_wconf 89' lang='lat' dir='ltr'>mich</span> <span class='ocrx_word' id='word_1_291' title='bbox 2566 5510 2818 5590; x_wconf 88' lang='lat' dir='ltr'>hyesse</span> <span class='ocrx_word' id='word_1_292' title='bbox 2883 5512 3022 5572; x_wconf 89' lang='lat' dir='ltr'>und</span> <span class='ocrx_word' id='word_1_293' title='bbox 3092 5513 3263 5573; x_wconf 90' lang='lat' dir='ltr'>uber</span> <span class='ocrx_word' id='word_1_294' title='bbox 3325 5532 3480 5594; x_wconf 88' lang='lat' dir='ltr'>myr</span> 
     </span>
    </p>
   </div>
   <div class='ocr_carea' id='block_1_6' title="bbox 3639 843 4155 911">
    <p class='ocr_par' dir='ltr' id='par_1_6' title="bbox 3639 843 4155 911">
     <span class='ocr_line' id='line_1_34' title="bbox 3639 843 4155 911; baseline -0.004 -17"><span class='ocrx_word' id='word_1_295' title='bbox 3639 845 3692 894; x_wconf 87' lang='lat' dir='ltr'>in</span> <span class='ocrx_word' id='word_1_296' title='bbox 3728 861 3839 911; x_wconf 81' lang='lat' dir='ltr'>pag.</span> <span class='ocrx_word' id='word_1_297' title='bbox 3875 843 4155 909; x_wconf 85' lang='lat' dir='ltr'>posteriori.</span> 
     </span>
    </p>
   </div>
  </div>
 </body>
</html>
