<?xml version="1.0" encoding="UTF-8"?>
<!DOCTYPE html PUBLIC "-//W3C//DTD XHTML 1.0 Transitional//EN"
    "http://www.w3.org/TR/xhtml1/DTD/xhtml1-transitional.dtd">
<html xmlns="http://www.w3.org/1999/xhtml" xml:lang="en" lang="en">
 <head>
  <title>
</title>
<meta http-equiv="Content-Type" content="text/html;charset=utf-8" />
  <meta name='ocr-system' content='tesseract 3.04.00' />
  <meta name='ocr-capabilities' content='ocr_page ocr_carea ocr_par ocr_line ocrx_word'/>
</head>
<body>
  <div class='ocr_page' id='page_1' title='image "./joannisagricola00daaegoog_0043.png"; bbox 0 0 5400 6759; ppageno 0'>
   <div class='ocr_carea' id='block_1_1' title="bbox 2550 499 2621 561">
    <p class='ocr_par' dir='ltr' id='par_1_1' title="bbox 2550 499 2621 561">
     <span class='ocr_line' id='line_1_1' title="bbox 2550 499 2621 561; baseline -0.014 0"><span class='ocrx_word' id='word_1_1' title='bbox 2550 499 2621 561; x_wconf 77' lang='grc'>17</span> 
     </span>
    </p>
   </div>
   <div class='ocr_carea' id='block_1_2' title="bbox 941 806 3509 890">
    <p class='ocr_par' dir='ltr' id='par_1_2' title="bbox 941 806 3509 890">
     <span class='ocr_line' id='line_1_2' title="bbox 941 806 3509 890; baseline -0.002 -19"><span class='ocrx_word' id='word_1_2' title='bbox 941 831 1020 872; x_wconf 82' lang='lat' dir='ltr'>zu</span> <span class='ocrx_word' id='word_1_3' title='bbox 1067 810 1473 872; x_wconf 86' lang='lat' dir='ltr'>uberziehen</span> <span class='ocrx_word' id='word_1_4' title='bbox 1540 823 1606 871; x_wconf 89' lang='lat' dir='ltr'>et</span> <span class='ocrx_word' id='word_1_5' title='bbox 1668 820 2186 890; x_wconf 76' lang='lat' dir='ltr'>occupaverunt</span> <span class='ocrx_word' id='word_1_6' title='bbox 2244 828 2466 870; x_wconf 86' lang='lat' dir='ltr'>meam</span> <span class='ocrx_word' id='word_1_7' title='bbox 2529 809 2827 878; x_wconf 85' lang='lat' dir='ltr'>domum,</span> <span class='ocrx_word' id='word_1_8' title='bbox 2898 807 3056 888; x_wconf 89' lang='lat' dir='ltr'>quia</span> <span class='ocrx_word' id='word_1_9' title='bbox 3105 806 3343 868; x_wconf 79' lang='lat' dir='ltr'>vocavi</span> <span class='ocrx_word' id='word_1_10' title='bbox 3394 826 3509 866; x_wconf 82' lang='lat' dir='ltr'>eos</span> 
     </span>
    </p>
   </div>
   <div class='ocr_carea' id='block_1_3' title="bbox 939 947 1768 1025">
    <p class='ocr_par' dir='ltr' id='par_1_3' title="bbox 939 947 1768 1025">
     <span class='ocr_line' id='line_1_3' title="bbox 939 947 1768 1025; baseline -0.002 -16"><span class='ocrx_word' id='word_1_11' title='bbox 939 947 1310 1009; x_wconf 82' lang='lat' dir='ltr'>sediciosos</span> <span class='ocrx_word' id='word_1_12' title='bbox 1357 967 1538 1008; x_wconf 84' lang='lat' dir='ltr'>anno</span> <span class='ocrx_word' id='word_1_13' title='bbox 1594 953 1768 1025; x_wconf 77' lang='lat'>1536.</span> 
     </span>
    </p>
   </div>
   <div class='ocr_carea' id='block_1_4' title="bbox 942 1391 3506 1885">
    <p class='ocr_par' dir='ltr' id='par_1_4' title="bbox 943 1391 3505 1594">
     <span class='ocr_line' id='line_1_4' title="bbox 1114 1391 3505 1475; baseline -0.001 -21"><span class='ocrx_word' id='word_1_14' title='bbox 1114 1394 1298 1455; x_wconf 85' lang='lat' dir='ltr'>Mein</span> <span class='ocrx_word' id='word_1_15' title='bbox 1361 1394 1541 1475; x_wconf 87' lang='lat' dir='ltr'>Jerja</span> <span class='ocrx_word' id='word_1_16' title='bbox 1600 1394 1686 1455; x_wconf 81' lang='lat' dir='ltr'>ist</span> <span class='ocrx_word' id='word_1_17' title='bbox 1747 1393 2004 1474; x_wconf 82' lang='lat' dir='ltr'>Casper</span> <span class='ocrx_word' id='word_1_18' title='bbox 2068 1393 2304 1456; x_wconf 81' lang='lat' dir='ltr'>Guttel</span> <span class='ocrx_word' id='word_1_19' title='bbox 2368 1395 2507 1454; x_wconf 87' lang='lat' dir='ltr'>und</span> <span class='ocrx_word' id='word_1_20' title='bbox 2564 1393 2790 1472; x_wconf 72' lang='lat' dir='ltr'>Jonas..</span> <span class='ocrx_word' id='word_1_21' title='bbox 2857 1393 2963 1454; x_wconf 88' lang='lat' dir='ltr'>die</span> <span class='ocrx_word' id='word_1_22' title='bbox 3029 1412 3277 1475; x_wconf 84' lang='lat' dir='ltr'>sagen:</span> <span class='ocrx_word' id='word_1_23' title='bbox 3349 1391 3505 1473; x_wconf 82' lang='lat' dir='ltr'>Ego</span> 
     </span>
     <span class='ocr_line' id='line_1_5' title="bbox 943 1531 2127 1594; baseline 0 -2"><span class='ocrx_word' id='word_1_24' title='bbox 943 1551 1185 1592; x_wconf 82' lang='lat' dir='ltr'>moveo</span> <span class='ocrx_word' id='word_1_25' title='bbox 1233 1531 1633 1594; x_wconf 78' lang='lat' dir='ltr'>seditionem</span> <span class='ocrx_word' id='word_1_26' title='bbox 1682 1532 1748 1593; x_wconf 91' lang='lat' dir='ltr'>in</span> <span class='ocrx_word' id='word_1_27' title='bbox 1797 1532 2127 1594; x_wconf 88' lang='lat' dir='ltr'>doctrina.</span> 
     </span>
    </p>

    <p class='ocr_par' dir='ltr' id='par_1_5' title="bbox 942 1664 3506 1885">
     <span class='ocr_line' id='line_1_6' title="bbox 1111 1664 3506 1738; baseline -0.002 -8"><span class='ocrx_word' id='word_1_28' title='bbox 1111 1668 1203 1730; x_wconf 85' lang='lat' dir='ltr'>Et</span> <span class='ocrx_word' id='word_1_29' title='bbox 1269 1667 1589 1738; x_wconf 85' lang='lat' dir='ltr'>efficiunt,</span> <span class='ocrx_word' id='word_1_30' title='bbox 1669 1680 1743 1731; x_wconf 88' lang='lat' dir='ltr'>ut</span> <span class='ocrx_word' id='word_1_31' title='bbox 1814 1669 2153 1731; x_wconf 87' lang='lat' dir='ltr'>Lutherus</span> <span class='ocrx_word' id='word_1_32' title='bbox 2228 1669 2559 1731; x_wconf 79' lang='lat' dir='ltr'>irascatur</span> <span class='ocrx_word' id='word_1_33' title='bbox 2625 1667 2849 1738; x_wconf 80' lang='lat' dir='ltr'>michi,</span> <span class='ocrx_word' id='word_1_34' title='bbox 2922 1668 3214 1727; x_wconf 75' lang='lat' dir='ltr'>verbeut</span> <span class='ocrx_word' id='word_1_35' title='bbox 3285 1664 3506 1726; x_wconf 88' lang='lat' dir='ltr'>meine</span> 
     </span>
     <span class='ocr_line' id='line_1_7' title="bbox 942 1802 3505 1885; baseline -0.001 -21"><span class='ocrx_word' id='word_1_36' title='bbox 942 1804 1213 1865; x_wconf 85' lang='lat' dir='ltr'>Bucher</span> <span class='ocrx_word' id='word_1_37' title='bbox 1259 1805 1398 1865; x_wconf 90' lang='lat' dir='ltr'>und</span> <span class='ocrx_word' id='word_1_38' title='bbox 1444 1803 1621 1864; x_wconf 88' lang='lat' dir='ltr'>heist</span> <span class='ocrx_word' id='word_1_39' title='bbox 1667 1803 1847 1865; x_wconf 86' lang='lat' dir='ltr'>mich</span> <span class='ocrx_word' id='word_1_40' title='bbox 1896 1803 2295 1865; x_wconf 74' lang='lat' dir='ltr'>Sectarium.</span> <span class='ocrx_word' id='word_1_41' title='bbox 2388 1803 2545 1864; x_wconf 90' lang='lat' dir='ltr'>Hoc</span> <span class='ocrx_word' id='word_1_42' title='bbox 2593 1825 2656 1865; x_wconf 91' lang='lat' dir='ltr'>n.</span> <span class='ocrx_word' id='word_1_43' title='bbox 2715 1815 2820 1865; x_wconf 86' lang='lat' dir='ltr'>est</span> <span class='ocrx_word' id='word_1_44' title='bbox 2879 1803 3118 1885; x_wconf 86' lang='lat' dir='ltr'>conjici</span> <span class='ocrx_word' id='word_1_45' title='bbox 3165 1802 3232 1863; x_wconf 90' lang='lat' dir='ltr'>in</span> <span class='ocrx_word' id='word_1_46' title='bbox 3280 1821 3505 1864; x_wconf 88' lang='lat' dir='ltr'>carce-</span> 
     </span>
    </p>
   </div>
   <div class='ocr_carea' id='block_1_5' title="bbox 938 1920 3303 2022">
    <p class='ocr_par' dir='ltr' id='par_1_6' title="bbox 938 1920 3303 2022">
     <span class='ocr_line' id='line_1_8' title="bbox 938 1920 3303 2022; baseline -0 -22"><span class='ocrx_word' id='word_1_47' title='bbox 938 1960 1098 2008; x_wconf 81' lang='lat' dir='ltr'>rem,</span> <span class='ocrx_word' id='word_1_48' title='bbox 1147 1951 1215 2001; x_wconf 89' lang='lat' dir='ltr'>et</span> <span class='ocrx_word' id='word_1_49' title='bbox 1260 1938 1599 2010; x_wconf 77' lang='lat' dir='ltr'>fecissent,</span> <span class='ocrx_word' id='word_1_50' title='bbox 1648 1940 1772 2002; x_wconf 91' lang='lat' dir='ltr'>nisi</span> <span class='ocrx_word' id='word_1_51' title='bbox 1823 1920 2131 2002; x_wconf 70' lang='lat' dir='ltr'>Mat-chio</span> <span class='ocrx_word' id='word_1_52' title='bbox 2178 1939 2455 2002; x_wconf 84' lang='lat' dir='ltr'>Elector</span> <span class='ocrx_word' id='word_1_53' title='bbox 2501 1961 2609 2003; x_wconf 87' lang='lat' dir='ltr'>me</span> <span class='ocrx_word' id='word_1_54' title='bbox 2659 1944 2743 2002; x_wconf 90' lang='lat' dir='ltr'>ad</span> <span class='ocrx_word' id='word_1_55' title='bbox 2793 1962 2866 2002; x_wconf 87' lang='lat' dir='ltr'>se</span> <span class='ocrx_word' id='word_1_56' title='bbox 2915 1941 3303 2022; x_wconf 70' lang='lat' dir='ltr'>recepisset.</span> 
     </span>
    </p>
   </div>
   <div class='ocr_carea' id='block_1_6' title="bbox 1110 2436 3507 2518">
    <p class='ocr_par' dir='ltr' id='par_1_7' title="bbox 1110 2436 3507 2518">
     <span class='ocr_line' id='line_1_9' title="bbox 1110 2436 3507 2518; baseline 0 -21"><span class='ocrx_word' id='word_1_57' title='bbox 1110 2436 1265 2518; x_wconf 80' lang='lat' dir='ltr'>Ego</span> <span class='ocrx_word' id='word_1_58' title='bbox 1312 2446 1576 2499; x_wconf 85' lang='lat' dir='ltr'>tantum</span> <span class='ocrx_word' id='word_1_59' title='bbox 1628 2437 1797 2506; x_wconf 75' lang='lat' dir='ltr'>dico,</span> <span class='ocrx_word' id='word_1_60' title='bbox 1846 2448 1921 2498; x_wconf 91' lang='lat' dir='ltr'>ut</span> <span class='ocrx_word' id='word_1_61' title='bbox 1968 2448 2220 2498; x_wconf 79' lang='lat' dir='ltr'>certam</span> <span class='ocrx_word' id='word_1_62' title='bbox 2272 2436 2562 2498; x_wconf 84' lang='lat' dir='ltr'>formam</span> <span class='ocrx_word' id='word_1_63' title='bbox 2625 2437 2972 2499; x_wconf 88' lang='lat' dir='ltr'>doctrinae</span> <span class='ocrx_word' id='word_1_64' title='bbox 3039 2436 3507 2498; x_wconf 76' lang='lat' dir='ltr'>transmittant</span> 
     </span>
    </p>
   </div>
   <div class='ocr_carea' id='block_1_7' title="bbox 935 2574 1914 2654">
    <p class='ocr_par' dir='ltr' id='par_1_8' title="bbox 935 2574 1914 2654">
     <span class='ocr_line' id='line_1_10' title="bbox 935 2574 1914 2654; baseline 0.001 -21"><span class='ocrx_word' id='word_1_65' title='bbox 935 2574 1022 2634; x_wconf 81' lang='lat' dir='ltr'>ad</span> <span class='ocrx_word' id='word_1_66' title='bbox 1069 2575 1540 2654; x_wconf 80' lang='lat' dir='ltr'>posteritatem</span> <span class='ocrx_word' id='word_1_67' title='bbox 1590 2585 1914 2636; x_wconf 75' lang='lat' dir='ltr'>nostram.</span> 
     </span>
    </p>
   </div>
   <div class='ocr_carea' id='block_1_8' title="bbox 1108 2710 3504 2789">
    <p class='ocr_par' dir='ltr' id='par_1_9' title="bbox 1108 2710 3504 2789">
     <span class='ocr_line' id='line_1_11' title="bbox 1108 2710 3504 2789; baseline -0.001 -17"><span class='ocrx_word' id='word_1_68' title='bbox 1108 2711 1215 2772; x_wconf 89' lang='lat' dir='ltr'>Da</span> <span class='ocrx_word' id='word_1_69' title='bbox 1261 2711 1376 2773; x_wconf 85' lang='lat' dir='ltr'>bin</span> <span class='ocrx_word' id='word_1_70' title='bbox 1423 2714 1530 2774; x_wconf 79' lang='lat' dir='ltr'>ich</span> <span class='ocrx_word' id='word_1_71' title='bbox 1565 2710 2100 2773; x_wconf 75' lang='lat' dir='ltr'>irreverencialis</span> <span class='ocrx_word' id='word_1_72' title='bbox 2134 2713 2271 2773; x_wconf 89' lang='lat' dir='ltr'>und</span> <span class='ocrx_word' id='word_1_73' title='bbox 2305 2713 2483 2773; x_wconf 84' lang='lat' dir='ltr'>habe</span> <span class='ocrx_word' id='word_1_74' title='bbox 2517 2732 2589 2772; x_wconf 85' lang='lat' dir='ltr'>es</span> <span class='ocrx_word' id='word_1_75' title='bbox 2622 2711 2790 2773; x_wconf 84' lang='lat' dir='ltr'>alles</span> <span class='ocrx_word' id='word_1_76' title='bbox 2823 2713 3223 2772; x_wconf 79' lang='lat' dir='ltr'>verdorben.</span> <span class='ocrx_word' id='word_1_77' title='bbox 3327 2715 3504 2789; x_wconf 78' lang='lat'>1538.</span> 
     </span>
    </p>
   </div>
   <div class='ocr_carea' id='block_1_9' title="bbox 937 3206 3500 3425">
    <p class='ocr_par' dir='ltr' id='par_1_10' title="bbox 937 3206 3500 3425">
     <span class='ocr_line' id='line_1_12' title="bbox 1104 3206 3500 3291; baseline -0 -21"><span class='ocrx_word' id='word_1_78' title='bbox 1104 3206 1216 3270; x_wconf 72' lang='lat' dir='ltr'>Sic</span> <span class='ocrx_word' id='word_1_79' title='bbox 1294 3206 1632 3269; x_wconf 78' lang='lat' dir='ltr'>Lutherus</span> <span class='ocrx_word' id='word_1_80' title='bbox 1708 3206 1833 3268; x_wconf 88' lang='lat' dir='ltr'>fuit</span> <span class='ocrx_word' id='word_1_81' title='bbox 1907 3209 1974 3268; x_wconf 90' lang='lat' dir='ltr'>in</span> <span class='ocrx_word' id='word_1_82' title='bbox 2056 3227 2259 3269; x_wconf 89' lang='lat' dir='ltr'>manu</span> <span class='ocrx_word' id='word_1_83' title='bbox 2328 3207 2544 3287; x_wconf 89' lang='lat' dir='ltr'>Jonae</span> <span class='ocrx_word' id='word_1_84' title='bbox 2633 3219 2704 3268; x_wconf 87' lang='lat' dir='ltr'>et</span> <span class='ocrx_word' id='word_1_85' title='bbox 2782 3208 3084 3279; x_wconf 88' lang='lat' dir='ltr'>aliorum,</span> <span class='ocrx_word' id='word_1_86' title='bbox 3177 3209 3500 3291; x_wconf 83' lang='lat' dir='ltr'>Georgen</span> 
     </span>
     <span class='ocr_line' id='line_1_13' title="bbox 937 3344 1995 3425; baseline 0.002 -20"><span class='ocrx_word' id='word_1_87' title='bbox 937 3344 1263 3406; x_wconf 77' lang='lat' dir='ltr'>Richters</span> <span class='ocrx_word' id='word_1_88' title='bbox 1310 3347 1448 3406; x_wconf 89' lang='lat' dir='ltr'>und</span> <span class='ocrx_word' id='word_1_89' title='bbox 1495 3345 1577 3406; x_wconf 92' lang='lat' dir='ltr'>D.</span> <span class='ocrx_word' id='word_1_90' title='bbox 1626 3345 1714 3406; x_wconf 89' lang='lat' dir='ltr'>K.</span> <span class='ocrx_word' id='word_1_91' title='bbox 1818 3366 1995 3425; x_wconf 76' lang='lat'>1539.</span> 
     </span>
    </p>
   </div>
   <div class='ocr_carea' id='block_1_10' title="bbox 932 3841 3503 4198">
    <p class='ocr_par' dir='ltr' id='par_1_11' title="bbox 932 3841 3503 4198">
     <span class='ocr_line' id='line_1_14' title="bbox 1106 3841 3503 3926; baseline -0 -21"><span class='ocrx_word' id='word_1_92' title='bbox 1106 3841 1168 3905; x_wconf 90' lang='lat' dir='ltr'><strong>O</strong></span> <span class='ocrx_word' id='word_1_93' title='bbox 1220 3842 1526 3914; x_wconf 89' lang='lat' dir='ltr'>Domine,</span> <span class='ocrx_word' id='word_1_94' title='bbox 1574 3845 1662 3904; x_wconf 87' lang='lat' dir='ltr'>da</span> <span class='ocrx_word' id='word_1_95' title='bbox 1708 3855 1776 3906; x_wconf 87' lang='lat' dir='ltr'>et</span> <span class='ocrx_word' id='word_1_96' title='bbox 1823 3844 1986 3905; x_wconf 87' lang='lat' dir='ltr'>mihi</span> <span class='ocrx_word' id='word_1_97' title='bbox 2035 3846 2380 3926; x_wconf 77' lang='lat' dir='ltr'>quendam</span> <span class='ocrx_word' id='word_1_98' title='bbox 2430 3843 2915 3905; x_wconf 88' lang='lat' dir='ltr'>Ebedmelech.</span> <span class='ocrx_word' id='word_1_99' title='bbox 3023 3842 3114 3905; x_wconf 86' lang='lat' dir='ltr'>Et</span> <span class='ocrx_word' id='word_1_100' title='bbox 3163 3843 3503 3905; x_wconf 88' lang='lat' dir='ltr'>Dominus</span> 
     </span>
     <span class='ocr_line' id='line_1_15' title="bbox 932 3977 3502 4061; baseline 0 -21"><span class='ocrx_word' id='word_1_101' title='bbox 932 3979 1286 4041; x_wconf 78' lang='lat' dir='ltr'>exaudivit</span> <span class='ocrx_word' id='word_1_102' title='bbox 1352 4000 1591 4061; x_wconf 82' lang='lat' dir='ltr'>preces</span> <span class='ocrx_word' id='word_1_103' title='bbox 1661 4001 1850 4042; x_wconf 84' lang='lat' dir='ltr'>meas</span> <span class='ocrx_word' id='word_1_104' title='bbox 1919 3991 1987 4043; x_wconf 88' lang='lat' dir='ltr'>et</span> <span class='ocrx_word' id='word_1_105' title='bbox 2055 3980 2369 4043; x_wconf 76' lang='lat' dir='ltr'>liberavit</span> <span class='ocrx_word' id='word_1_106' title='bbox 2447 4000 2556 4041; x_wconf 87' lang='lat' dir='ltr'>me</span> <span class='ocrx_word' id='word_1_107' title='bbox 2624 4000 2663 4042; x_wconf 88' lang='lat' dir='ltr'>a</span> <span class='ocrx_word' id='word_1_108' title='bbox 2734 3977 3110 4042; x_wconf 82' lang='lat' dir='ltr'>Sodomitis</span> <span class='ocrx_word' id='word_1_109' title='bbox 3178 3978 3502 4042; x_wconf 89' lang='lat' dir='ltr'>Wittem·</span> 
     </span>
     <span class='ocr_line' id='line_1_16' title="bbox 934 4116 3497 4198; baseline 0.001 -22"><span class='ocrx_word' id='word_1_110' title='bbox 934 4116 1404 4198; x_wconf 73' lang='lat' dir='ltr'>bergensibuS‚</span> <span class='ocrx_word' id='word_1_111' title='bbox 1469 4116 1584 4197; x_wconf 90' lang='lat' dir='ltr'>qui</span> <span class='ocrx_word' id='word_1_112' title='bbox 1654 4136 1890 4178; x_wconf 80' lang='lat' dir='ltr'>secure</span> <span class='ocrx_word' id='word_1_113' title='bbox 1959 4127 2266 4197; x_wconf 84' lang='lat' dir='ltr'>peccant.</span> <span class='ocrx_word' id='word_1_114' title='bbox 2351 4128 2420 4178; x_wconf 89' lang='lat' dir='ltr'>et</span> <span class='ocrx_word' id='word_1_115' title='bbox 2487 4116 2674 4179; x_wconf 86' lang='lat' dir='ltr'>dedit</span> <span class='ocrx_word' id='word_1_116' title='bbox 2750 4116 2953 4179; x_wconf 89' lang='lat' dir='ltr'>michi</span> <span class='ocrx_word' id='word_1_117' title='bbox 3021 4117 3497 4180; x_wconf 87' lang='lat' dir='ltr'>Marchionem</span> 
     </span>
    </p>
   </div>
   <div class='ocr_carea' id='block_1_11' title="bbox 932 4252 1561 4332">
    <p class='ocr_par' dir='ltr' id='par_1_12' title="bbox 932 4252 1561 4332">
     <span class='ocr_line' id='line_1_17' title="bbox 932 4252 1561 4332; baseline -0.002 -18"><span class='ocrx_word' id='word_1_118' title='bbox 932 4252 1320 4314; x_wconf 86' lang='lat' dir='ltr'>Electorem</span> <span class='ocrx_word' id='word_1_119' title='bbox 1388 4275 1406 4314; x_wconf 87' lang='lat'>1</span> <span class='ocrx_word' id='word_1_120' title='bbox 1422 4275 1561 4332; x_wconf 79' lang='lat'><strong>540.</strong></span> 
     </span>
    </p>
   </div>
   <div class='ocr_carea' id='block_1_12' title="bbox 930 4680 3499 4900">
    <p class='ocr_par' dir='ltr' id='par_1_13' title="bbox 930 4680 3499 4900">
     <span class='ocr_line' id='line_1_18' title="bbox 1102 4680 3496 4753; baseline 0.001 -11"><span class='ocrx_word' id='word_1_121' title='bbox 1102 4680 1262 4743; x_wconf 88' lang='lat' dir='ltr'>Wie</span> <span class='ocrx_word' id='word_1_122' title='bbox 1308 4681 1453 4742; x_wconf 84' lang='lat' dir='ltr'>ichs</span> <span class='ocrx_word' id='word_1_123' title='bbox 1502 4684 1760 4750; x_wconf 76' lang='lat' dir='ltr'>macbe,</span> <span class='ocrx_word' id='word_1_124' title='bbox 1810 4702 1886 4743; x_wconf 84' lang='lat' dir='ltr'>so</span> <span class='ocrx_word' id='word_1_125' title='bbox 1933 4681 2122 4743; x_wconf 82' lang='lat' dir='ltr'>hilfts</span> <span class='ocrx_word' id='word_1_126' title='bbox 2168 4682 2373 4753; x_wconf 88' lang='lat' dir='ltr'>nicht,</span> <span class='ocrx_word' id='word_1_127' title='bbox 2421 4682 2596 4743; x_wconf 87' lang='lat' dir='ltr'>sicut</span> <span class='ocrx_word' id='word_1_128' title='bbox 2643 4683 2731 4743; x_wconf 88' lang='lat' dir='ltr'>ad</span> <span class='ocrx_word' id='word_1_129' title='bbox 2766 4702 2874 4744; x_wconf 88' lang='lat' dir='ltr'>me</span> <span class='ocrx_word' id='word_1_130' title='bbox 2909 4683 3082 4745; x_wconf 81' lang='lat' dir='ltr'>dixit</span> <span class='ocrx_word' id='word_1_131' title='bbox 3125 4683 3496 4745; x_wconf 88' lang='lat' dir='ltr'>Lutherus:</span> 
     </span>
     <span class='ocr_line' id='line_1_19' title="bbox 930 4812 3499 4900; baseline 0.001 -21"><span class='ocrx_word' id='word_1_132' title='bbox 930 4812 1047 4879; x_wconf 78' lang='lat'>1111’·</span> <span class='ocrx_word' id='word_1_133' title='bbox 1091 4819 1260 4900; x_wconf 86' lang='lat' dir='ltr'>seyd</span> <span class='ocrx_word' id='word_1_134' title='bbox 1308 4817 1373 4879; x_wconf 91' lang='lat' dir='ltr'>in</span> <span class='ocrx_word' id='word_1_135' title='bbox 1423 4829 1560 4880; x_wconf 87' lang='lat' dir='ltr'>tam</span> <span class='ocrx_word' id='word_1_136' title='bbox 1612 4820 1791 4880; x_wconf 88' lang='lat' dir='ltr'>mala</span> <span class='ocrx_word' id='word_1_137' title='bbox 1836 4818 2239 4899; x_wconf 85' lang='lat' dir='ltr'>suspicione,</span> <span class='ocrx_word' id='word_1_138' title='bbox 2287 4820 2410 4881; x_wconf 85' lang='lat' dir='ltr'>das</span> <span class='ocrx_word' id='word_1_139' title='bbox 2458 4840 2659 4882; x_wconf 80' lang='lat' dir='ltr'>wenn</span> <span class='ocrx_word' id='word_1_140' title='bbox 2708 4820 2813 4881; x_wconf 87' lang='lat' dir='ltr'>ihr</span> <span class='ocrx_word' id='word_1_141' title='bbox 2857 4822 3051 4883; x_wconf 87' lang='lat' dir='ltr'>redet</span> <span class='ocrx_word' id='word_1_142' title='bbox 3092 4819 3240 4882; x_wconf 85' lang='lat' dir='ltr'>aufs</span> <span class='ocrx_word' id='word_1_143' title='bbox 3287 4822 3499 4892; x_wconf 87' lang='lat' dir='ltr'>beste‚</span> 
     </span>
    </p>
   </div>
   <div class='ocr_carea' id='block_1_13' title="bbox 926 4956 3154 5040">
    <p class='ocr_par' dir='ltr' id='par_1_14' title="bbox 926 4956 3154 5040">
     <span class='ocr_line' id='line_1_20' title="bbox 926 4956 3154 5040; baseline 0 -24"><span class='ocrx_word' id='word_1_144' title='bbox 926 4975 1004 5016; x_wconf 84' lang='lat' dir='ltr'>so</span> <span class='ocrx_word' id='word_1_145' title='bbox 1053 4956 1295 5036; x_wconf 84' lang='lat' dir='ltr'>gleubt</span> <span class='ocrx_word' id='word_1_146' title='bbox 1341 4975 1498 5017; x_wconf 85' lang='lat' dir='ltr'>man</span> <span class='ocrx_word' id='word_1_147' title='bbox 1548 4958 1721 5016; x_wconf 88' lang='lat' dir='ltr'>euch</span> <span class='ocrx_word' id='word_1_148' title='bbox 1770 4956 1947 5017; x_wconf 87' lang='lat' dir='ltr'>doch</span> <span class='ocrx_word' id='word_1_149' title='bbox 1998 4956 2202 5028; x_wconf 87' lang='lat' dir='ltr'>nicht,</span> <span class='ocrx_word' id='word_1_150' title='bbox 2250 4957 2373 5018; x_wconf 85' lang='lat' dir='ltr'>das</span> <span class='ocrx_word' id='word_1_151' title='bbox 2422 4957 2572 5017; x_wconf 86' lang='lat' dir='ltr'>Ihrs</span> <span class='ocrx_word' id='word_1_152' title='bbox 2620 4968 2779 5040; x_wconf 85' lang='lat' dir='ltr'>gutt</span> <span class='ocrx_word' id='word_1_153' title='bbox 2825 4966 3154 5039; x_wconf 89' lang='lat' dir='ltr'>meynett.</span> 
     </span>
    </p>
   </div>
   <div class='ocr_carea' id='block_1_14' title="bbox 1097 5450 3495 5534">
    <p class='ocr_par' dir='ltr' id='par_1_15' title="bbox 1097 5450 3495 5534">
     <span class='ocr_line' id='line_1_21' title="bbox 1097 5450 3495 5534; baseline 0.001 -22"><span class='ocrx_word' id='word_1_154' title='bbox 1097 5451 1254 5513; x_wconf 92' lang='lat' dir='ltr'>Hoc</span> <span class='ocrx_word' id='word_1_155' title='bbox 1301 5461 1593 5532; x_wconf 82' lang='lat' dir='ltr'>expecto</span> <span class='ocrx_word' id='word_1_156' title='bbox 1642 5453 2007 5534; x_wconf 86' lang='lat' dir='ltr'>aliquando</span> <span class='ocrx_word' id='word_1_157' title='bbox 2054 5450 2199 5513; x_wconf 85' lang='lat' dir='ltr'>fieri</span> <span class='ocrx_word' id='word_1_158' title='bbox 2233 5453 2319 5514; x_wconf 92' lang='lat' dir='ltr'>de</span> <span class='ocrx_word' id='word_1_159' title='bbox 2368 5454 2578 5514; x_wconf 80' lang='lat' dir='ltr'>coele.</span> <span class='ocrx_word' id='word_1_160' title='bbox 2647 5452 2740 5515; x_wconf 90' lang='lat' dir='ltr'>Et</span> <span class='ocrx_word' id='word_1_161' title='bbox 2785 5454 3014 5515; x_wconf 83' lang='lat' dir='ltr'>evenit</span> <span class='ocrx_word' id='word_1_162' title='bbox 3045 5454 3259 5516; x_wconf 88' lang='lat' dir='ltr'>Anno</span> <span class='ocrx_word' id='word_1_163' title='bbox 3319 5474 3495 5533; x_wconf 84' lang='lat'>1541.</span> 
     </span>
    </p>
   </div>
   <div class='ocr_carea' id='block_1_15' title="bbox 3664 1393 4166 1454">
    <p class='ocr_par' dir='ltr' id='par_1_16' title="bbox 3664 1393 4166 1454">
     <span class='ocr_line' id='line_1_22' title="bbox 3664 1393 4166 1454; baseline -0.002 -17"><span class='ocrx_word' id='word_1_164' title='bbox 3664 1405 3769 1454; x_wconf 80' lang='lat' dir='ltr'>cap.</span> <span class='ocrx_word' id='word_1_165' title='bbox 3809 1401 3888 1452; x_wconf 82' lang='lat'>37.</span> <span class='ocrx_word' id='word_1_166' title='bbox 3963 1399 4026 1448; x_wconf 77' lang='lat' dir='ltr'>(v.</span> <span class='ocrx_word' id='word_1_167' title='bbox 4075 1393 4166 1450; x_wconf 80' lang='lat'>13).</span> 
     </span>
    </p>
   </div>
   <div class='ocr_carea' id='block_1_16' title="bbox 3820 2435 4023 2494">
    <p class='ocr_par' dir='ltr' id='par_1_17' title="bbox 3820 2435 4023 2494">
     <span class='ocr_line' id='line_1_23' title="bbox 3820 2435 4023 2494; baseline -0.005 -12"><span class='ocrx_word' id='word_1_168' title='bbox 3820 2439 3884 2492; x_wconf 75' lang='grc' dir='ltr'>(ν.</span> <span class='ocrx_word' id='word_1_169' title='bbox 3932 2435 4023 2494; x_wconf 81' lang='grc'>18).</span> 
     </span>
    </p>
   </div>
   <div class='ocr_carea' id='block_1_17' title="bbox 3677 3207 4154 3271">
    <p class='ocr_par' dir='ltr' id='par_1_18' title="bbox 3677 3207 4154 3271">
     <span class='ocr_line' id='line_1_24' title="bbox 3677 3207 4154 3271; baseline -0.008 -15"><span class='ocrx_word' id='word_1_170' title='bbox 3677 3223 3782 3271; x_wconf 83' lang='lat' dir='ltr'>cap.</span> <span class='ocrx_word' id='word_1_171' title='bbox 3823 3207 3904 3269; x_wconf 85' lang='lat'>38.</span> <span class='ocrx_word' id='word_1_172' title='bbox 3978 3211 4043 3260; x_wconf 82' lang='lat' dir='ltr'>(v.</span> <span class='ocrx_word' id='word_1_173' title='bbox 4088 3211 4154 3268; x_wconf 83' lang='lat'>4).</span> 
     </span>
    </p>
   </div>
   <div class='ocr_carea' id='block_1_18' title="bbox 3813 4683 4018 4744">
    <p class='ocr_par' dir='ltr' id='par_1_19' title="bbox 3813 4683 4018 4744">
     <span class='ocr_line' id='line_1_25' title="bbox 3813 4683 4018 4744; baseline 0.015 -4"><span class='ocrx_word' id='word_1_174' title='bbox 3813 4683 3877 4740; x_wconf 73' lang='grc' dir='ltr'>(ν.</span> <span class='ocrx_word' id='word_1_175' title='bbox 3925 4687 4018 4744; x_wconf 82' lang='lat'><strong>15&gt;-</strong></span> 
     </span>
    </p>
   </div>
   <div class='ocr_carea' id='block_1_19' title="bbox 3811 5451 4012 5512">
    <p class='ocr_par' dir='ltr' id='par_1_20' title="bbox 3811 5451 4012 5512">
     <span class='ocr_line' id='line_1_26' title="bbox 3811 5451 4012 5512; baseline -0.01 -12"><span class='ocrx_word' id='word_1_176' title='bbox 3811 5457 3874 5512; x_wconf 72' lang='lat' dir='ltr'>(V.</span> <span class='ocrx_word' id='word_1_177' title='bbox 3921 5451 4012 5510; x_wconf 73' lang='lat'>10).</span> 
     </span>
    </p>
   </div>
   <div class='ocr_carea' id='block_1_20' title="bbox 5323 4941 5334 5459">
    <p class='ocr_par' dir='ltr' id='par_1_21' title="bbox 5323 4941 5334 5459">
     <span class='ocr_line' id='line_1_27' title="bbox 5323 4941 5334 5459; baseline 0 0"><span class='ocrx_word' id='word_1_178' title='bbox 5323 4941 5334 5459; x_wconf 95' lang='lat' dir='ltr'> </span> 
     </span>
    </p>
   </div>
   <div class='ocr_carea' id='block_1_21' title="bbox 5309 4941 5334 6234">
    <p class='ocr_par' dir='ltr' id='par_1_22' title="bbox 5309 4941 5334 6234">
     <span class='ocr_line' id='line_1_28' title="bbox 5309 4941 5334 6234; baseline 0 0"><span class='ocrx_word' id='word_1_179' title='bbox 5309 4941 5334 6234; x_wconf 95' lang='lat' dir='ltr'> </span> 
     </span>
    </p>
   </div>
  </div>
 </body>
</html>
