5400 6759
2476 540 2661 596 XVII

730 851 903 926 quod
962 851 1161 917 sciam,
1221 866 1420 924 neque
1476 849 1632 923 typis
1686 848 2004 923 divulgata,
2055 866 2254 924 neque
2300 850 2375 905 ab
2430 849 2640 906 harum
2689 867 2885 906 rerum
2931 848 3224 905 historicis
3272 850 3603 914 observata,
3650 866 3831 923 quam
3877 849 3938 905 in
3985 850 4179 924 vigilia
4223 867 4432 906 ascen-

735 975 917 1030 sionis
963 972 1192 1029 domini
1239 971 1312 1044 (a.
1352 971 1409 1026 d.
1458 969 1592 1026 XV.
1642 968 1774 1026 Kal.
1814 966 1976 1046 Jun.)
2024 988 2073 1026 a.
2130 983 2287 1042 1547
2337 987 2410 1027 ex
2455 987 2593 1026 arce
2641 969 3177 1045 Hagenskoviensi‚
3224 968 3284 1025 in
3333 967 3545 1025 Fionia
3589 969 3717 1036 sita,
3765 970 3842 1026 ad
3892 968 4130 1026 Ericum
4179 968 4432 1034 Banner‚

734 1093 971 1150 Daniae
1031 1090 1471 1158 marescalcum,
1528 1090 1697 1147 dedit
1734 1088 1921 1166 Janus
1970 1089 2211 1158 Rotfelt,
2257 1107 2447 1165 nepos
2494 1090 2693 1165 ipsiuS,
2742 1106 2862 1164 qua
2905 1097 3179 1146 narratur
3223 1087 3550 1163 Georgium
3601 1087 3856 1145 Urnium
3905 1090 4064 1146 illum
4111 1089 4173 1145 in
4219 1090 4433 1147 eadem

728 1231 870 1269 arce
914 1211 1150 1287 publice
1196 1210 1492 1268 affirmare
1538 1227 1766 1277 ausum,
1814 1210 2030 1267 multos
2076 1218 2383 1267 senatores
2431 1210 2594 1284 regni
2620 1209 2872 1277 Damae,
2919 1208 3271 1266 nominatim
3321 1216 3525 1265 autem
3566 1207 3865 1283 Esgonem
3909 1208 4183 1274 Bildium,
4228 1209 4435 1284 regalis

726 1333 931 1389 curiae
998 1331 1358 1407 magistrum,
1414 1332 1627 1388 annuis
1675 1332 1751 1388 ab
1800 1332 2159 1405 imperatore
2205 1331 2592 1405 pensionibus
2640 1349 2772 1389 esse
2818 1339 3129 1406 corruptos
3167 1329 3223 1406 ¹).
3316 1326 3522 1408 Quam
3572 1331 3790 1388 famam
3835 1349 4035 1406 neque
4080 1332 4434 1388 confirmare

730 1470 932 1527 neque
977 1452 1335 1526 redarguere
1381 1453 1663 1508 conabor.

1147 1570 1323 1628 Haec
1345 1571 1489 1628 dum
1514 1579 1811 1647 geruntur,
1838 1573 2175 1646 imperator,
2198 1571 2509 1628 Danorum
2538 1573 2810 1630 navalem
2832 1578 3162 1648 potentiam
3183 1575 3428 1632 minime
3454 1544 3865 1642 contemnem,
3890 1575 3950 1630 id
3976 1575 4165 1649 egisse
4185 1574 4433 1640 videtur,

732 1700 800 1748 ut
844 1709 1058 1766 pacem
1104 1708 1240 1747 cum
1272 1690 1613 1748 Christiano
1658 1698 1935 1748 servaret.
2026 1689 2236 1747 Noluit
2280 1708 2425 1748 sane
2471 1708 2545 1747 ex
2580 1692 2838 1751 consiliis
2885 1695 3035 1769 regis
3082 1703 3266 1770 atque
3312 1697 3438 1771 ejus
3485 1712 3669 1769 opera
3716 1701 3888 1751 utens
3933 1712 4069 1751 cum
4118 1694 4433 1751 rebellibus

729 1810 1097 1869 Germaniae
1143 1828 1333 1886 agere,
1380 1811 1487 1868 sed
1536 1818 1752 1876 tamen,
1801 1819 1865 1866 ut
1894 1810 2233 1868 Christiano
2266 1812 2546 1886 placeret,
2588 1810 3148 1888 Hamburgensibus
3201 1815 3658 1889 quodaminodo
3690 1813 3956 1888 pepercit
3978 1809 4042 1886 2).
4121 1811 4434 1869 Mauritius

732 1949 931 2007 porr0,
998 1932 1100 2006 qui
1167 1930 1363 1988 fractis
1417 1931 1582 2005 apud
1630 1929 2045 2005 Miihlbergam
2085 1929 2335 2006 Joannis
2382 1930 2428 1986 F
2433 1932 2664 1989 riderici
2727 1934 2919 2000 rebus,
2990 1935 3226 2002 elector,
3296 1932 3516 1991 Carolo
3563 1932 3814 2000 favente,
3874 1939 4158 1999 evaserat,
4215 1930 4430 1998 statim,

730 2063 800 2109 ut
865 2051 977 2109 sibi
1042 2051 1361 2109 amicitiam
1408 2049 1644 2108 Daniae
1712 2049 1862 2125 regis
1929 2059 2320 2125 compararet,
2389 2069 2625 2108 summa
2690 2070 2810 2127 ope
2876 2055 3039 2111 nisus
3104 2063 3208 2111 est.
3322 2054 3487 2110 Misit
3532 2053 3705 2128 igitur
3748 2054 3808 2109 in
3855 2050 4116 2108 Daniam
4165 2058 4432 2117 matrem,

740 2170 1063 2227 Barbaram
1112 2168 1477 2237 Polonicani,
1533 2187 1690 2244 quae
1736 2169 1994 2237 Annam,
2043 2170 2220 2227 filiam
2267 2170 2603 2239 Christiani,
2652 2173 2940 2249 Augusto,
2997 2175 3059 2230 in
3115 2175 3441 2231 electoratu
3488 2172 3831 2239 successori,
3877 2172 3937 2227 in
3983 2171 4432 2228 matrimonium

730 2298 965 2363 peteret
992 2284 1055 2365 ³).
1146 2288 1286 2364 Ipse
1341 2289 1520 2345 etiam
1567 2289 1868 2364 Augustus
1923 2290 1981 2346 in
2028 2289 2287 2347 Daniam
2335 2291 2511 2358 venit,
2559 2300 2619 2349 et
2655 2294 2781 2369 jam
2828 2294 2927 2349 die
2972 2294 3227 2367 septimo
3275 2292 3495 2348 mensis
3545 2290 3743 2348 Martii
3789 2309 3839 2347 a.
3896 2287 4053 2364 1548
4101 2288 4432 2364 Coldingae

738 2410 978 2467 Annam
1046 2408 1157 2466 sibi
1220 2409 1547 2483 despondit
1572 2406 1632 2486 ⁴).
1723 2407 1957 2482 Quibus
2002 2410 2238 2484 nuptiis,
2286 2412 2502 2468 eodem
2551 2431 2714 2469 anno
2759 2412 3093 2488 Torgaviae
3139 2413 3465 2477 celebratiS,
3508 2412 3730 2468 factum
3764 2419 3867 2478 est,
3902 2417 3967 2466 ut
3999 2409 4152 2466 inter
4182 2410 4432 2466 domum

733 2529 969 2587 Daniae
1036 2530 1292 2605 regalem
1361 2538 1421 2586 et
1466 2529 1855 2596 Albertinarn,
1924 2547 2143 2586 novam
2189 2529 2489 2588 Saxoniae
2536 2533 2915 2590 electoralem
2977 2533 3273 2601 familiam,
3319 2532 3580 2589 amicitia
3625 2531 3719 2587 illa
3766 2530 3972 2586 intima
4017 2530 4430 2597 intercesserit,

731 2650 950 2707 multos
995 2649 1219 2706 deinde
1264 2667 1371 2724 per
1423 2667 1615 2706 annos
1663 2650 1961 2707 duratura.
2068 2648 2365 2707 Ernestini
2425 2660 2625 2709 autem
2683 2654 2826 2711 inde
2884 2655 2960 2711 ab
3008 2655 3227 2712 eodem
3283 2663 3556 2728 tempore
3617 2651 3776 2708 Dani
3824 2651 3960 2708 facti
4014 2659 4153 2707 sunt
4197 2651 4430 2707 inimici.

735 2769 809 2825 In
854 2769 1137 2826 chronico
1184 2770 1449 2844 quodam
1496 2768 1669 2827 aulae
1698 2768 1969 2827 Danicae
2012 2780 2286 2828 narratur
2329 2772 2506 2828 etiam
2533 2772 2832 2850 Joannem
2866 2775 3231 2832 Fridericum
3265 2775 3587 2832 electorem
3619 2789 3655 2829 a
3686 2770 4123 2829 »Caesarianis»
4157 2779 4431 2828 coactum

732 2892 1093 2966 promisisse,
1158 2909 1266 2959 ›>se,
1333 2892 1385 2948 si
1443 2892 1617 2949 vellet
1682 2892 1896 2958 vivere,
1943 2891 2179 2949 Danico
2224 2893 2345 2968 regi
2392 2894 2713 2967 perniciem
2771 2912 2895 2951 non
2943 2895 3314 2951 moliturum«
3346 2890 3410 2966 ⁵).
3512 2892 3731 2968 Neque
3775 2909 3919 2948 vero
3967 2891 4116 2947 filius
4161 2891 4432 2949 electoris

730 3011 1003 3087 ejusdem
1065 3011 1338 3078 nominiS‚
1394 3019 1563 3086 patre
1616 3011 1831 3069 infelici
1879 3013 2007 3086 ipse
2053 3012 2356 3080 infelicior,
2403 3012 2615 3070 harum
2660 3030 2858 3069 rerum
2904 3014 3120 3071 oblitus
3168 3021 3273 3080 est,
3319 3014 3426 3070 sed
3474 3013 3618 3069 dum
3665 3011 3860 3086 pravis
3906 3008 4165 3066 consiliis
4212 3008 4431 3067 Grum-

733 3131 932 3188 bachii
978 3131 1448 3205 obtemperabat,
1499 3131 1710 3188 foedus
1756 3150 1890 3187 cum
1938 3131 2173 3190 Daniae
2219 3133 2488 3190 hostibus
2536 3132 2672 3190 fecit
2695 3128 2759 3208 ⁶).

1147 3250 1474 3308 Multorum
1506 3269 1652 3309 sane
1683 3252 1744 3308 in
1770 3250 2096 3309 Germania
2129 3253 2321 3310 fuerat
2352 3253 2709 3328 expectatio,
2742 3252 2869 3310 fore
2899 3262 2964 3310 ut
2987 3253 3343 3310 Lutheranis
3376 3271 3478 3309 rex
3506 3252 3741 3309 Daniae
3773 3251 4000 3308 fortiter
4030 3252 4432 3326 opitularetur.

727 3371 909 3443 Quae
976 3389 1159 3446 quum
1224 3389 1361 3447 spes
1415 3373 1494 3429 ad
1542 3373 1767 3429 irritum
1825 3372 2150 3439 cecidisset,
2207 3390 2333 3430 non
2379 3373 2641 3442 defuere,
2690 3375 2793 3448 qui
2839 3373 3240 3432 Christianum
3289 3374 3615 3431 irriderent.
3718 3372 4042 3429 Servantur
4083 3373 4143 3428 in
4191 3371 4431 3429 archivo

735 3490 1075 3550 Hauniensi
1106 3493 1396 3567 epistolae
1440 3493 1749 3569 hucusque
1780 3494 2057 3561 ineditae,
2107 3511 2255 3569 quas
2298 3495 2378 3551 ad
2421 3511 2619 3568 regem
2670 3493 2786 3551 hoc
2834 3505 3106 3570 tempore
3157 3495 3389 3569 scripsit
3423 3493 3630 3550 Petrus
3667 3492 4012 3559 Suavenius,
4059 3495 4146 3548 vir
4186 3493 4432 3549 natione

733 3611 1118 3680 Pomeranus,
1163 3613 1271 3669 sed
1326 3614 1545 3670 civitati
1587 3612 1855 3671 Danicae
1900 3614 2232 3689 adscriptus
2279 3621 2340 3672 et
2384 3614 2557 3690 legati
2616 3614 2742 3670 sive
2787 3614 3038 3671 oratoris
3085 3631 3333 3670 munere
3377 3612 3724 3687 saepissime
3772 3612 4036 3687 iungens,
4083 3613 4246 3669 unde
4290 3613 4430 3669 satis

730 3732 1045 3790 manifeste
1089 3739 1339 3806 apparet
1385 3732 1586 3807 iniqua
1634 3731 1730 3790 illa
1774 3733 1852 3790 de
1899 3750 2035 3808 rege
2082 3734 2378 3790 sententia
2402 3728 2458 3811 ⁷).
2550 3733 2899 3791 Credebant
2944 3734 3118 3808 vulgo
3155 3751 3355 3808 regem
3387 3741 3489 3790 aut
3519 3750 3554 3790 a
3589 3731 3929 3789 Lutherana
3963 3733 4081 3789 fide
4112 3732 4430 3789 descivisse

858 4155 898 4217 1)
936 4154 1216 4219 Epistolam
1254 4154 1381 4204 hanc
1416 4156 1602 4205 multos
1637 4171 1795 4205 annos
1833 4156 2013 4205 abhinc
2048 4156 2176 4205 inter
2210 4156 2496 4221 apographa
2533 4157 2955 4207 Klevenfeldiana
2989 4159 3042 4207 in
3080 4157 3304 4207 Archivo
3341 4159 3534 4207 Danico
3571 4157 3895 4222 deprehendi.

857 4241 902 4302 ²)
939 4241 1093 4298 Lanz,
1133 4242 1551 4307 Correspondenz
1588 4243 1676 4292 des
1714 4242 1928 4291 Kaisers
1966 4242 2097 4291 Karl
2135 4243 2204 4292 V.
2242 4243 2312 4301 ΙΙ,
2352 4259 2402 4307 p.
2443 4241 2537 4306 565
2578 4260 2690 4308 sqq.

855 4325 900 4388 ³)
939 4326 1211 4376 Reimarus
1247 4327 1419 4383 Kock,
1456 4327 1721 4377 historicus
1758 4328 2063 4378 Lubecensis
2101 4328 2409 4386 notissimuS,
2446 4329 2499 4376 in
2519 4327 2773 4378 Chronico
2808 4341 2903 4378 suo
2938 4329 3162 4377 nondum
3203 4328 3336 4394 typis
3366 4328 3621 4393 divulgato
3648 4335 3827 4388 narrat,
3851 4329 4119 4377 Barbararn
4139 4328 4191 4377 in
4213 4328 4426 4377 Daniam

936 4413 1208 4478 profectam
1257 4429 1395 4463 esse:
1452 4415 1582 4463 »und
1624 4414 1710 4463 hat
1745 4415 1808 4464 de
1844 4414 1935 4464 srie
1972 4414 2185 4464 twisken
2221 4415 2311 4464 des
2348 4415 2456 4463 K0.
2496 4415 2721 4464 Doehter
2754 4415 2859 4463 und
2896 4429 3012 4464 eren
3048 4414 3191 4464 Sohn
3227 4418 3462 4478 Augusto
3496 4414 3824 4478 ausgerichtet
3858 4415 3964 4462 und
4000 4414 4166 4464 sovele
4203 4422 4254 4462 to
4293 4430 4429 4477 wege

933 4498 1181 4563 gebracht,
1237 4500 1323 4548 dat
1376 4500 1440 4549 de
1477 4502 1585 4549 K0.
1642 4500 1749 4550 sine
1786 4501 1986 4550 Ridder
2037 4502 2141 4550 und
2180 4503 2399 4565 Legaten
2446 4501 2587 4550 thom
2626 4501 2918 4565 Rikesdage
2962 4501 3233 4564 gesandeth
3271 4501 3390 4558 und,
3428 4517 3499 4565 up
3534 4502 3618 4550 dat
3653 4500 3731 4550 sin
3769 4501 3914 4549 Laud
3949 4516 4040 4549 vor
4074 4501 4188 4549 dem
4230 4502 4431 4565 Keyser

935 4586 1134 4635 mochte
1169 4585 1329 4636 velich
1366 4586 1458 4644 sin,
1496 4587 1585 4650 gaf
1612 4586 1677 4636 he
1713 4587 1817 4636 sick
1852 4587 1950 4636 ock
1984 4587 2075 4636 uth
2112 4588 2228 4636 dem
2248 4586 2659 4650 Ewangelischen
2680 4588 2877 4636 Bunde.
2943 4588 3115 4636 Davor
3151 4586 3336 4650 kregen
3372 4586 3438 4635 de
3473 4586 3653 4635 beiden
3690 4585 3953 4635 dannsken
3972 4586 4173 4634 Ridder
4207 4585 4288 4634 ein
4323 4585 4430 4634 ider

934 4671 1044 4721 eine
1096 4673 1311 4736 guldene
1349 4673 1501 4721 Kede
1553 4688 1654 4721 von
1715 4686 1844 4721 1000
1894 4672 2079 4736 golden
2116 4673 2319 4722 Gulden
2360 4674 2543 4722 werde.
2615 4673 2740 4722 Und
2776 4673 2861 4721 dat
2896 4688 3000 4721 was
3036 4673 3142 4721 datt
3177 4671 3301 4736 spie]
3340 4671 3434 4720 ock
3469 4673 3571 4721 wol
3605 4671 3781 4730 werth,
3819 4672 4054 4722 wennthe
4089 4673 4204 4721 dem
4242 4671 4430 4721 Keiser

934 4758 1168 4822 gruwede
1204 4774 1294 4807 vor
1330 4765 1533 4806 nemant
1570 4774 1627 4806 so
1664 4748 1779 4808 sere'
1805 4758 1908 4807 alse
1944 4774 2035 4808 vor
2070 4759 2183 4808 dem
2226 4760 2331 4807 K0.
2370 4775 2465 4807 van
2504 4758 2873 4816 Denemarken,
2911 4758 3071 4808 welck
3109 4759 3200 4807 mit
3231 4758 3461 4824 Schepen
3496 4758 3700 4807 konnde
3737 4758 3815 4807 sin
3835 4758 4134 4807 Vaterlandt
4168 4757 4427 4806 ansallen...

852 4843 900 4905 ⁴)
936 4842 1129 4893 Archiv
1165 4843 1199 4892 f.
1237 4843 1530 4893 Sachsische
1568 4844 1748 4893 Gesch.
1786 4845 1890 4893 IX.
1928 4861 1978 4909 p.
2017 4844 2133 4908 398.

852 4928 900 4990 ⁸)
938 4927 1223 4978 Chronicon
1261 4929 1483 4979 Cornelii
1520 4930 1800 4987 Hamsfort,
1840 4932 2092 4991 (Monuni.
2132 4931 2270 4979 Hist.
2308 4932 2440 4980 Dan.
2478 4931 2557 4979 ed.
2596 4931 2827 4979 Rordam
2867 4933 2908 4988 I,
2947 4948 2996 4996 p.
3037 4935 3169 4994 701).

851 5015 899 5075 θ)
936 5014 1073 5063 Vide
1124 5015 1599 5064 commentationem
1657 5032 1845 5065 meam:
1919 5017 2019 5066 Om
2058 5017 2301 5066 Frederik
2354 4997 2453 5066 den
2498 5018 2688 5066 andens
2733 5016 3016 5082 paataenkte
3052 5016 3390 5080 Lothringske
3428 5016 3720 5065 Gistermaal
3756 5032 3821 5079 og
3857 5031 3940 5064 om
3981 5015 4266 5064 Danmarks
4303 5016 4426 5064 For-

935 5099 1057 5148 hold
1094 5099 1149 5149 til
1185 5101 1249 5150 de
1286 5101 1666 5150 Grumbachske
1703 5101 2037 5166 Uroligheder
2072 5102 2266 5164 (Norsk
2303 5102 2542 5151 historisk
2580 5102 2854 5151 Tidsskrist
2891 5105 2961 5151 II.
2999 5120 3049 5168 p.
3086 5102 3360 5166 46—110).

853 5186 899 5249 ἵ)
935 5185 1187 5235 Postridie
1231 5202 1389 5236 nonas
1425 5187 1564 5252 Sept.
1610 5203 1651 5236 a.
1701 5199 1824 5251 1547
1864 5189 2046 5237 Petrus
2082 5189 2376 5246 Suavenius,
2414 5188 2466 5237 in
2515 5190 2639 5238 urbe
2675 5189 2990 5238 Sleswicensi
3035 5204 3368 5247 commoranS,
3407 5188 3475 5236 ita
3513 5188 3706 5236 scribit:
3781 5186 3939 5236 »Hier
3974 5187 4042 5234 im
4081 5187 4254 5235 Lande
4293 5185 4426 5234 finde

932 5271 1011 5321 ich
1062 5272 1145 5320 ein
1197 5273 1392 5335 gemein
1430 5273 1666 5323 Geschrei
1732 5290 1833 5322 von
1880 5275 1920 5323 I.
1969 5275 2045 5322 K.
2084 5276 2205 5339 Maj.
2243 5288 2336 5322 vor
2380 5290 2482 5338 my,
2519 5274 2604 5323 dat
2641 5277 2681 5323 Ι.
2722 5277 2795 5325 K.
2835 5277 2910 5324 M.
2948 5276 3011 5325 de
3046 5275 3287 5325 dudische
3324 5276 3557 5339 Prediget
3593 5275 3646 5324 in
3683 5275 4063 5324 Denemarcken
4097 5272 4429 5337 abgeschaffet

934 5359 1035 5407 und
1093 5358 1179 5406 dat
1235 5359 1397 5408 Gebet
1451 5360 1653 5408 wedder
1699 5361 1797 5409 den
1833 5360 2068 5409 Pawesth
2106 5361 2210 5409 und
2246 5360 2477 5409 Turcken
2525 5361 2775 5410 verbaden
2813 5360 3010 5410 habben
3047 5359 3260 5418 schalen,
3300 5360 3514 5409 welckes
3550 5360 3671 5409 alles
3706 5359 3893 5408 dathan
3930 5360 4144 5423 gedudet
4179 5359 4282 5407 und
4322 5374 4425 5407 ver·

933 5445 1144 5493 standen
1195 5444 1375 5501 werde,
1433 5445 1519 5493 dat
1565 5447 1608 5493 Ι.
1666 5447 1739 5494 K.
1799 5448 1875 5494 M.
1931 5462 1999 5511 yn
2053 5446 2220 5496 Saken
2264 5447 2353 5495 der
2390 5445 2629 5508 Religion
2676 5447 2924 5510 beginnen
2972 5446 3060 5494 tho
3097 5446 3279 5511 wyken
3317 5447 3450 5494 unde
3485 5453 3780 5509 natogeuen.
3853 5446 3935 5494 De
3971 5444 4074 5493 will
4111 5460 4196 5508 my
4233 5444 4458 5493 solckes·

933 5531 1069 5581 nicht
1122 5548 1191 5597 yn
1244 5532 1408 5582 einem
1465 5534 1602 5591 orde,
1650 5535 1836 5583 sonder
1870 5534 1959 5583 hin
1994 5534 2099 5583 und
2136 5533 2226 5583 her
2263 5532 2464 5582 wedder
2498 5548 2583 5596 ym
2621 5533 2796 5582 Lande
2832 5532 3186 5596 vorgekomen,
3224 5532 3304 5581 ick
3340 5532 3433 5581 ock
3472 5531 3563 5580 mit
3597 5538 3718 5580 unte
3753 5531 4014 5580 darumme
4048 5530 4278 5594 gefraget,
4317 5528 4424 5595 ysth

932 5618 1261 5667 demesuluen
1313 5616 1421 5666 also
1474 5633 1605 5667 were
1659 5620 1817 5668 odder
1868 5617 2019 5676 nicht,
2070 5619 2159 5667 dar
2205 5618 2292 5667 tho
2339 5617 2417 5665 ick
2462 5617 2592 5666 dock
2639 5633 2710 5683 up
2747 5619 2845 5667 den
2881 5618 3024 5666 einen
3062 5617 3201 5683 ysthe
3237 5619 3424 5667 andern
3467 5617 3602 5666 wech
3638 5616 3776 5665 nicht
3809 5617 4103 5665 antworden
4139 5616 4324 5670 konen‚
4364 5615 4426 5663 de

932 5702 1037 5751 will
1080 5702 1160 5752 ick
1207 5716 1266 5751 so
1312 5703 1456 5766 lange
1492 5719 1576 5768 ym
1616 5705 1789 5753 Lande
1843 5703 1980 5753 nicht
2024 5720 2269 5769 gewesen.
2306 5702 2427 5753 dath
2461 5704 2539 5752 ick
2576 5719 2728 5768 eynes
2765 5703 2892 5751 edde
2927 5704 3134 5751 anderes
3172 5704 3360 5752 dendes
3399 5702 3487 5751 tho
3522 5703 3714 5766 grunde
3750 5701 3913 5750 hedde
3949 5701 4208 5751 erkunden
4246 5716 4419 5764 magen

934 5803 992 5836 so
1045 5787 1208 5837 hebbe
1260 5788 1339 5836 ick
1392 5788 1620 5837 dennoch
1670 5789 1863 5838 solckes
1900 5789 2021 5838 alles
2058 5791 2099 5838 Ι.
2140 5792 2213 5838 Κ.
2254 5791 2344 5837 W.
2381 5789 2693 5838 unermeldet
2738 5788 2873 5838 nicht
2907 5789 3039 5837 laten
3076 5788 3259 5847 willen,
3298 5790 3360 5838 de
3397 5788 3510 5838 wile
3547 5789 3588 5837 Ι.
3631 5790 3702 5836 K.
3741 5789 3831 5836 W.
3870 5803 3933 5836 an
3969 5803 4077 5836 erer
4113 5786 4423 5852 Reputation

3981 5888 4015 5939 3
