5400 6759
2542 530 2633 587 IX

735 846 1174 922 quinquaginta
1222 844 1345 902 fere
1390 860 1583 901 annos
1629 843 1874 899 tandem
1923 842 1981 898 in
2029 849 2261 899 nostras
2309 850 2509 908 161135,
2556 838 2880 896 maximam
2927 847 3156 913 partem
3206 841 3264 894 in
3301 838 3679 914 Norvegiam,
3721 857 3957 895 summo
3988 857 4123 895 cum
4156 837 4438 896 historiae

741 966 1150 1024 emolumento
1197 964 1503 1021 redierunt
1530 960 1593 1035 ¹).
2975 1039 2979 1044 ἢ

1155 1083 1451 1142 Restituta
1512 1083 1736 1140 deinde
1795 1101 1902 1156 per
1948 1081 2231 1139 Carolum
2280 1079 2652 1137 Ludovieum
2710 1080 3028 1137 electorem
3103 1080 3501 1146 universitate,
3572 1080 3775 1136 denuo
3839 1087 4132 1136 venerunt
4177 1080 4356 1136 etiam
4405 1097 4437 1134 e

734 1205 1178 1280 Septemtrione
1216 1204 1484 1280 juveneS,
1522 1203 1650 1279 jam
1695 1219 1837 1258 vero
1884 1201 2149 1276 inprimis
2182 1200 2435 1258 Suecani
2482 1201 2727 1256 nobiles.
2820 1198 3033 1256 Novae
3080 1200 3443 1256 universitati
3491 1199 3824 1266 Carolinae,
3871 1217 3921 1256 a.
3979 1196 4135 1255 1668
4178 1197 4436 1255 Londini

733 1325 1068 1383 Scanorum
1128 1324 1425 1391 conditae,
1482 1322 1871 1397 praecipuum
1927 1322 2110 1378 decus
2172 1308 2406 1377 addidit
2462 1320 2764 1394 professor
2819 1319 3239 1374 celeberrimus
3287 1317 3692 1393 Heidelberga
3750 1320 3808 1394 in
3855 1318 4130 1375 Sueciam
4175 1326 4437 1384 vocatuS‚

737 1445 978 1504 Samuel
1026 1444 1461 1502 PufendorfiuS.
1550 1442 1671 1500 Sed
1737 1444 1815 1500 de
1882 1443 2198 1516 posteriori
2265 1449 2537 1514 tempore
2598 1458 2723 1497 non
2771 1441 2957 1496 inulta
3003 1440 3217 1508 habeO,
3265 1457 3420 1514 quae
3468 1441 3680 1497 dicam.
3774 1439 4001 1497 Afferre
4050 1448 4252 1497 tamen
4295 1439 4440 1496 libet

734 1567 962 1623 illustre
1008 1583 1232 1622 nomen
1265 1563 1586 1621 Christiani
1624 1562 1892 1619 Lassenii
1925 1561 2204 1636 Norvegi,
2252 1562 2353 1636 qui
2401 1560 2617 1627 relicta,
2663 1578 2846 1635 quam
2892 1567 3097 1616 tamen
3142 1577 3378 1634 semper
3419 1560 3736 1626 adamavit,
3782 1560 4009 1634 patriae
4040 1559 4438 1624 universitate,

742 1684 1210 1759 Heidelbergam
1277 1701 1409 1740 sese
1468 1682 1718 1739 contulit
1761 1700 1812 1739 a.
1869 1680 2042 1755 1819.
2135 1680 2257 1755 Ipsi
2318 1679 2475 1748 mihi,
2524 1679 2946 1736 bibliothecam
2993 1679 3278 1746 Lassenii,
3327 1689 3564 1738 nostrae
3612 1680 3977 1737 universitati
4023 1681 4328 1747 donatam,
4377 1690 4439 1736 ut

734 1805 1091 1879 acciperem,
1145 1821 1196 1860 a.
1252 1802 1409 1875 1870
1456 1801 1734 1859 Bonnam
1780 1800 2069 1876 profectO,
2115 1800 2375 1875 contigit,
2438 1808 2502 1856 ut
2567 1800 3018 1856 celeberrimum
3066 1801 3334 1857 audirem
3383 1818 3587 1857 senem
3637 1801 3714 1856 de
3773 1800 4096 1856 laetissimo
4151 1808 4438 1874 tempore,

736 1925 908 1998 quod
956 1921 1400 1997 Heidelbergae
1466 1921 1718 1978 florente
1777 1921 2024 1997 juventa
2084 1928 2409 1995 peregerat,
2468 1920 2735 1995 jucunde
2782 1938 2852 1975 ac
2899 1921 3241 1975 memoriter
3285 1927 3642 1976 narrantem.
3735 1919 3977 1976 Addam
4037 1919 4218 1975 etiam
4265 1918 4438 1975 Hen-

742 2045 924 2100 ricum
998 2041 1355 2116 Kroyermn,
1430 2041 1744 2116 zoologum
1794 2040 2053 2107 Danum,
2127 2058 2161 2097 e
2227 2040 2384 2097 bello
2432 2037 2802 2096 Graecorum
2872 2047 3079 2094 contra
3125 2037 3353 2095 Turcas
3424 2040 3725 2106 reducem,
3793 2034 3967 2096 annis
4025 2036 4435 2110 1822—1823

743 2164 1186 2238 Heidelbergae
1253 2170 1551 2220 versatum
1619 2180 1765 2229 esse,
1824 2180 1946 2236 quo
2001 2170 2246 2218 auctore
2304 2169 2466 2218 extat
2514 2160 2728 2215 civium
2776 2159 3256 2215 academicorum
3304 2159 3473 2227 vitae,
3523 2159 3712 2233 qualis
3761 2167 3884 2215 tum
3932 2166 4072 2226 erat,
4120 2159 4440 2232 descriptio

738 2285 903 2341 haud
950 2284 1189 2340 inficeta
1216 2278 1274 2359 ²).

1153 2400 1435 2477 Denique
1481 2417 1709 2468 eorum,
1756 2402 1858 2476 qui
1911 2401 2127 2457 nostris
2173 2419 2207 2457 e
2255 2401 2446 2474 regnis
2487 2398 2956 2474 Heidelbergam
3005 2400 3337 2456 studiorum
3385 2418 3593 2457 caussa
3640 2407 3945 2467 venerunt,
4002 2402 4247 2456 nomina
4293 2417 4440 2456 enu-

738 2524 988 2580 merabo
1035 2541 1110 2579 ex
1151 2521 1593 2579 accuratissima
1626 2519 1969 2577 matriculae
2017 2520 2297 2587 editione,
2347 2537 2528 2594 quam
2574 2528 2715 2576 ante
2762 2521 2914 2577 duos
2961 2538 3153 2577 annos
3199 2521 3423 2576 curavit
3451 2519 3751 2577 Gustavus
3776 2520 4027 2596 Toepke
4051 2516 4114 2597 ³),
4161 2531 4441 2594 excerpta

737 2651 802 2699 ct
847 2661 895 2699 a·
930 2660 1026 2699 me
1071 2642 1292 2733 passim
1338 2650 1482 2697 nota
1528 2658 1647 2697 una
1693 2649 1752 2696 et
1797 2639 1983 2697 altera
2028 2640 2327 2697 illustrata.

650 2863 683 2912 γ
752 2864 929 2922 1409.
1022 2847 1256 2904 Ulricus
1303 2847 1381 2903 de
1426 2842 1613 2905 Datia
1659 2845 1791 2902 cler.
1843 2845 2139 2924 Rypensis
2185 2846 2337 2902 dioc.
2386 2842 2569 2922 (bace.
2617 2855 2723 2903 art.
2771 2863 2806 2917 4
2849 2846 2961 2923 Jul.
3020 2843 3220 2922 1411).

754 2967 929 3040 1418.
1023 2968 1228 3025 Ρ611115
1274 2967 1593 3024 Absalonis
1640 2967 1718 3023 de
1766 2964 2037 3034 Herdlifl,
2087 2965 2424 3022 Lundensis
2469 2966 2624 3022 dioc.
2653 2963 2720 3038 ⁴).

787 3121 872 3129 —
1026 3087 1312 3144 Nicolaus
1350 3086 1644 3164 Johannis
1690 3086 1767 3142 de
1815 3085 2079 3153 Falstria,
2127 3088 2419 3161 prespiter
2465 3083 2811 3143 Otoniensis
2857 3087 3010 3143 61106.

754 3225 929 3281 1442.
1015 3207 1332 3286 Johannes
1380 3206 1586 3265 Krabe
1632 3225 1760 3263 can.
1808 3207 1947 3263 eccl.
1997 3205 2403 3263 Nidrosiensis
2450 3207 2527 3263 de
2574 3224 2758 3281 regno
2805 3206 3105 3279 Norvegie
3135 3199 3193 3280 5³).

753 3344 927 3403 1453.
1011 3328 1278 3406 Joannes
1326 3327 1483 3385 Petri
1530 3327 1609 3383 de
1657 3325 1863 3394 Dacia,
1911 3328 2188 3401 magister
2234 3326 2594 3394 ParisiensiS,
2633 3327 2767 3383 cler.
2817 3325 3154 3382 Lundensis
3201 3326 3353 3382 dioc
3404 3324 3704 3401 Receptus
3739 3328 3818 3383 ad
3851 3326 4190 3383 facultatem
4229 3327 4442 3382 artium

1022 3460 1088 3505 ut
1133 3448 1411 3523 magister
1459 3462 1536 3522 29
1585 3446 1733 3522 Aug.
1791 3461 1965 3520 1455.

788 3602 869 3611 —
1016 3569 1326 3646 Johannes
1374 3567 1753 3625 Prtichmann
1799 3567 1877 3623 de
1923 3566 2130 3623 Dacia.
2224 3564 2648 3642 (Brochmann,
2696 3570 2859 3624 bace.
2907 3575 3009 3624 art.
3062 3582 3092 3622 2
3103 3581 3135 3640 3
3190 3566 3315 3624 Mai
3371 3565 3574 3640 1455).

751 3687 929 3762 1458,
986 3687 1057 3746 16
1097 3689 1228 3767 Jan.
1321 3688 1412 3744 Fr.
1454 3687 1763 3764 Johannes
1803 3686 2014 3764 Jacobi
2061 3687 2191 3742 ord.
2237 3685 2716 3761 praedicatorum
2765 3689 2843 3744 de
2889 3687 3095 3744 Dacia.

746 3911 841 3918 φ.
868 3911 893 3916 ..-
920 3910 1565 3916 --—.--—.——--——-—-

874 4062 915 4123 ¹)
953 4062 1033 4110 De
1085 4061 1396 4110 archivorum
1453 4062 1651 4110 illorum
1707 4061 1819 4110 satis
1873 4061 2010 4110 vide:
2086 4063 2246 4111 Breve
2300 4079 2365 4126 og
2400 4060 2719 4126 Aktstykker
2766 4059 2821 4108 111
2860 4060 3145 4125 Oplysning
3180 4060 3235 4107 af
3266 4060 3542 4109 Christiern
3579 4061 3676 4108 den
3715 4060 3929 4108 Andens
3965 4075 4030 4123 og
4065 4060 4307 4109 Frederik
4343 4061 4439 4110 den

952 4149 1160 4198 Forstes
1199 4147 1441 4205 Historie,
1488 4147 1705 4209 udgivne
1749 4148 1804 4196 as
1853 4149 1910 4197 C.
1950 4149 2010 4195 F.
2049 4148 2204 4196 Allen
2241 4149 2282 4196 1.
2319 4148 2473 4213 praes.
2528 4163 2578 4212 p.
2617 4148 2842 4195 XXIII.
2924 4146 3027 4195 Csr.
3065 4148 3176 4211 Nyt
3212 4145 3448 4195 historisk
3487 4145 3758 4195 Tidsskrist
3802 4147 3865 4194 V.
3904 4162 3954 4211 p.
3992 4144 4089 4209 642
4129 4162 4240 4210 sqq.
4312 4148 4443 4194 Tota

948 4233 1304 4298 archiepiscopi
1340 4232 1687 4282 Nidrosiensis
1723 4233 1954 4282 Palatino
1989 4232 2138 4282 cessit
2172 4232 2434 4290 hereditaS,
2472 4232 2610 4282 vide:
2650 4233 3051 4295 Forhandlinger
3076 4232 3690 4282 iVidenskabsselskabet
3716 4233 3733 4280 i
3763 4232 4064 4282 Christiania
4107 4231 4234 4281 1860
4270 4249 4319 4296 p.
4349 4245 4439 4280 1—

956 4332 1030 4377 10,
1068 4318 1153 4367 cfr.
1191 4319 1339 4368 etiam
1378 4318 1807 4368 Over-Ysselsche
1843 4316 2097 4367 Almanak
2136 4334 2261 4367 voor
2294 4318 2505 4367 oudheit
2539 4334 2602 4367 en
2638 4319 2848 4368 letteren
2893 4319 3036 4382 1850.
3119 4319 3258 4383 Dipl.
3297 4320 3459 4367 Norv.
3498 4319 3597 4367 vol.
3635 4319 3686 4367 V
3694 4355 3704 4366 .

866 4406 914 4466 ²)
950 4404 1277 4467 Erindringer
1311 4404 1367 4452 af
1397 4404 1598 4452 Henrik
1635 4406 1868 4469 Kroyers
1906 4404 2015 4461 Liv,
2055 4405 2404 4469 Kjabenhavn
2448 4404 2576 4465 1870
2612 4421 2661 4469 p.
2707 4405 2989 4468 165--193.

866 4489 912 4552 ³)
951 4490 1049 4539 Die
1104 4489 1343 4539 Matrikel
1396 4490 1484 4538 der
1537 4490 1849 4539 Universitilt
1896 4489 2203 4553 Heidelberg
2254 4506 2352 4538 von
2416 4489 2542 4553 1386
2598 4490 2675 4539 bis
2739 4489 2880 4545 1662,
2937 4491 3209 4539 bearbeitet
3262 4491 3366 4539 und
3415 4491 3810 4554 herausgegeben
3851 4507 3949 4539 von
3986 4491 4179 4539 Gustav
4216 4491 4440 4554 Toepke.

949 4575 1260 4638 Heidelberg
1302 4575 1446 4637 1884.
1486 4576 1532 4623 8.

865 4661 910 4724 ⁴)
948 4661 1110 4710 Filius
1146 4661 1230 4710 ille
1264 4660 1358 4709 suit
1394 4661 1587 4709 domini
1624 4661 1794 4709 Axelii
1833 4662 1984 4725 (quod
2025 4677 2211 4710 nornen
2248 4662 2430 4710 Latine
2464 4662 2614 4725 vulgo
2653 4662 2886 4711 Absalon
2922 4663 3077 4724 audit)
3115 4664 3252 4712 Petri
3289 4664 3353 4712 de
3392 4662 3686 4712 Herthaloff
3714 4663 3763 4710 in
3798 4663 3974 4712 Scania
4010 4666 4090 4723 (ex
4121 4661 4440 4711 Thottiorum

947 4746 1128 4796 illustri
1175 4747 1439 4811 prosapia),
1479 4748 1566 4811 qui
1604 4755 1654 4796 et
1688 4747 1796 4811 ipse
1850 4746 1945 4795 1106
1998 4754 2225 4811 16111ρο16
2278 4748 2495 4796 maxime
2542 4747 2784 4820 inclarpit,
2832 4755 2882 4796 et
2927 4755 3068 4812 pater
3115 4749 3206 4796 fuit
3243 4747 3475 4806 filiorum,
3514 4754 3689 4813 postea
3724 4754 3774 4796 et
3807 4747 3860 4796 in
3897 4748 4063 4796 Dania
4098 4755 4145 4796 et
4181 4748 4232 4795 111
4270 4746 4446 4797 Svecia

946 4832 1094 4896 longe
1149 4832 1627 4896 potentissimorum.
1701 4835 1882 4881 Petrus
1930 4839 2100 4882 noster
2136 4833 2413 4882 Absalonis
2468 4849 2602 4882 anno
2662 4833 2793 4897 1460
2846 4833 3111 4899 episcopus
3149 4834 3462 4884 Ottoniensis
3512 4835 3695 4883 electus
3735 4836 3976 4893 Romam,
4013 4833 4440 4883 confirmationem

949 4918 1178 4982 papalem
1214 4925 1270 4966 ut
1305 4924 1509 4983 peteret,
1549 4918 1799 4983 profectus
1835 4926 1935 4976 est;
1984 4920 2075 4992 sed
2110 4920 2323 4978 aemu10‚
2363 4919 2442 4968 cui
2490 4926 2541 4967 et
2575 4935 2661 4968 rex
2698 4928 2750 4968 et
2784 4919 2918 4968 curia
2955 4921 3193 4967 Romana
3229 4919 3473 4976 favebant,
3510 4920 3684 4968 cedere
3719 4919 3986 4982 cogebatur
4019 4925 4068 4967 61
4105 4918 4263 4966 tribus
4299 4918 4443 4966 annis

948 5011 1065 5069 post
1100 5005 1309 5054 Lundae
1345 5005 1621 5054 Scanorum
1658 5005 1972 5069 praepositus
2018 5004 2221 5069 capituli
2260 5013 2487 5054 mortuus
2524 5013 2614 5056 est.
2689 5006 2827 5055 Vide
2863 5005 3265 5054 dissertationem
3302 5005 3365 5054 de
3402 5007 3620 5069 Eggerto
3658 5004 3836 5053 Frillio
3873 5004 4054 5068 equite,
4096 5021 4124 5052 a
4152 5003 4444 5052 doctissimo

950 5088 1223 5139 Guilielmo
1262 5089 1517 5155 Mollerup
1553 5090 1901 5155 conscriptam.
1974 5090 2169 5152 (Dansk
2209 5090 2325 5140 hist.
2363 5090 2653 5150 Tidsskrift,
2693 5107 2787 5140 ser.
2827 5103 2872 5154 5,
2911 5092 2980 5149 V,
3018 5107 3067 5156 p.
3112 5095 3209 5153 29).

864 5177 912 5238 5)
953 5177 1195 5241 »Joannes
1233 5176 1477 5241 Stephani
1511 5176 1632 5225 alias
1670 5177 1883 5226 Krabbe
1928 5192 2035 5225 can.
2073 5177 2189 5225 eccl.
2228 5177 2376 5225 Nidr.
2414 5185 2464 5225 et
2500 5176 3012 5241 publicusjmperiali
3050 5177 3340 5226 auctoritate
3376 5178 3625 5226 notarius»
3661 5194 3706 5226 a.
3753 5178 3878 5242 1436
3916 5178 4207 5243 provinciali
4234 5178 4444 5227 concilio

950 5261 1158 5311 Asloiae
1205 5262 1451 5310 celebrato
1497 5262 1721 5311 interfuit
1758 5263 1916 5327 (Dipl.
1963 5264 2124 5311 Norv.
2164 5264 2263 5312 ΙΙΙ.
2304 5279 2350 5327 p.
2391 5274 2507 5325 473,
2548 5263 2645 5311 IV.
2684 5279 2734 5327 p.
2775 5265 2911 5325 340).
2984 5264 3277 5327 Insequenti
3314 5279 3448 5311 anno
3483 5264 3546 5312 ad
3582 5263 3845 5311 concilium
3887 5263 4159 5312 Basiliense
4195 5279 4294 5311 una
4329 5279 4442 5312 cum

950 5347 1212 5412 Adolpho,
1249 5348 1487 5397 canonico
1506 5348 1749 5398 Asloensi
1784 5365 1839 5397 36
1874 5355 2053 5414 postea
2087 5349 2326 5414 episcopo
2346 5349 2730 5412 Stavangriensi‚
2769 5348 3001 5396 ecclesiae
3022 5349 3333 5412 Norvegicae
3369 5350 3573 5397 nomine
3610 5348 3793 5397 missus
3830 5356 3920 5396 est.
3993 5349 4078 5397 Ad
4110 5349 4441 5414 episcopalem

947 5433 1233 5482 cathedram
1256 5433 1614 5482 Scalholtinam
1652 5434 1721 5494 (111
1759 5434 1996 5495 Islandia)
2034 5435 2253 5499 denique
2289 5451 2332 5482 a.
2379 5434 2507 5498 1464
2544 5443 2823 5500 promotus,
2861 5451 2904 5481 a.
2950 5435 3075 5498 1465
3115 5434 3247 5482 diem
3286 5434 3461 5483 clausit
3499 5449 3807 5499 supremum.
3881 5435 4276 5499 (Pontoppidani
4303 5438 4441 5484 Ann.

947 5519 1063 5568 eccl.
1102 5521 1235 5567 Dan.
1274 5519 1346 5567 ΙΙ.
1384 5536 1433 5583 p.
1474 5531 1587 5583 552,
1626 5520 1779 5568 Finni
1810 5519 2091 5585 Johannaei
2132 5521 2267 5569 Hist.
2305 5519 2420 5569 eccl.
2459 5520 2711 5568 Islandiae
2746 5521 2817 5576 ΙΙ,
2856 5536 2905 5584 p.
2933 5520 3050 5583 483.
3132 5520 3346 5584 Espolin
3371 5501 3599 5569 Arbaekr
3635 5519 3834 5568 Islands
3873 5521 3942 5568 ΙΙ.
3974 5537 4023 5584 p.
4050 5521 4149 5581 60).
4222 5519 4444 5568 Natione

947 5604 1080 5654 haud
1136 5604 1287 5653 dubie
1325 5605 1502 5654 Dauus
1539 5614 1589 5654 et
1625 5605 1830 5669 quidem
1868 5605 2053 5654 nobilis
2100 5613 2218 5654 erat.
2294 5607 2465 5670 Hujus
2512 5605 2721 5654 fortasse
2758 5620 2917 5669 nepos
2955 5611 3061 5654 erat
3096 5604 3222 5653 alius
3258 5606 3483 5670 ejusdem
3522 5604 3742 5654 nominis
3780 5605 4126 5653 Nidrosiensis
4161 5604 4441 5662 canonicuS,

946 5689 1039 5754 qui
1073 5707 1117 5738 a.
1162 5703 1291 5754 1510
1343 5690 1744 5755 archiepiscopus
1781 5690 2127 5740 Nidrosiensis
2181 5709 2209 5740 a
2265 5691 2495 5740 fratribus
2543 5698 2751 5747 creatus,
2808 5692 2896 5739 sed
2932 5698 2981 5740 et
3016 5708 3045 5739 a
3082 5707 3194 5754 rege
3248 5699 3296 5740 et
3349 5708 3377 5739 a
3426 5692 3560 5739 curia
3598 5693 3834 5739 Romana
3883 5691 4125 5755 repulsus,
4174 5690 4444 5755 praepositi

949 5781 1123 5839 postea
1158 5776 1294 5840 apud
1331 5776 1696 5842 ‘Ifromsoenses
1734 5777 1784 5824 in
1823 5776 2153 5825 Nordlandiis
2190 5793 2396 5825 munere
2432 5777 2744 5840 fungebatur.
2820 5777 3043 5840 (Norske
3083 5777 3546 5841 Rigsregistranter,
3588 5779 3628 5825 I.
3666 5793 3716 5840 p.
3763 5785 3855 5838 17).

4033 5879 4068 5930 2
