5400 6759
2143 1732 2687 1837 Ludovicus
2761 1735 3035 1835 Daae

2246 1926 2505 1999 lectori
2562 1925 2931 1996 benevolo

2541 2093 2628 2166 S.

1148 2550 1253 2607 Est
1297 2550 1448 2608 haec
1492 2559 1998 2625 programmatum
2044 2548 2427 2624 scriptoribus
2464 2549 2634 2623 quasi
2665 2547 3061 2614 consuetudo,
3096 2556 3162 2603 ut
3191 2556 3477 2604 excusent
3507 2548 3790 2622 temporis
3816 2551 4132 2624 angustias.
4224 2546 4434 2629 Quam

736 2678 937 2727 autem
1006 2671 1083 2726 ad
1152 2670 1606 2727 benevolentiae
1673 2670 2076 2744 captationem
2145 2669 2288 2725 mihi
2354 2667 2616 2735 forsitan,
2672 2668 2720 2723 si
2776 2667 3073 2742 cuiquam,
3114 2667 3248 2743 jure
3293 2667 3613 2742 confugere
3659 2667 3899 2737 licuerit,
3948 2671 4171 2745 quippe
4215 2671 4307 2728 cui
4353 2673 4432 2729 ad

735 2789 924 2847 hocce
990 2790 1341 2865 opusculum
1397 2789 1839 2846 conficiendum
1898 2807 1975 2845 ne
2031 2789 2261 2845 dimidii
2306 2789 2551 2863 quidem
2606 2788 2829 2844 mensis
2895 2789 3154 2862 spatium
3223 2805 3574 2845 concessum
3643 2787 3832 2845 suerit.
3924 2788 4215 2846 Postridie
4271 2792 4432 2848 enim

735 2910 882 2968 Idus
919 2911 1126 2988 Junias
1181 2912 1267 2966 vir
1310 2911 1664 2967 clarissimus
1711 2910 2043 2967 Fridericus
2068 2908 2312 2976 Brandt,
2360 2908 2992 2985 jurisconsultuS,„hoc
3036 2925 3199 2965 anno
3244 2908 3489 2965 rectoris
3534 2909 3698 2983 apud
3730 2926 3843 2965 nos
3888 2926 4137 2966 munere
4185 2911 4438 2986 fungens

736 3040 797 3088 et
862 3049 1003 3087 mox
1068 3032 1314 3087 nomine
1362 3030 1775 3087 Universitatis
1825 3030 2290 3104 Heidelbergam
2346 3028 2734 3103 profecturuS,
2780 3046 2816 3085 a
2861 3046 2958 3084 me
3016 3027 3199 3103 petiit,
3258 3035 3324 3084 ut
3369 3028 3728 3085 adornarem
3786 3029 4079 3104 ejusmodi
4136 3030 4432 3099 tabellam,

735 3168 917 3226 quam
979 3150 1154 3225 vulgo
1221 3158 1438 3207 vocant
1504 3151 1779 3216 votivam,
1842 3150 2137 3206 sincerum
2203 3166 2470 3206 amorem
2531 3149 2923 3223 animumque
2980 3148 3377 3223 gratissimum
3431 3149 3898 3215 testificaturam‚
3957 3166 4078 3223 quo
4124 3158 4185 3206 et
4228 3159 4433 3208 nostra

736 3271 1062 3340 academia,
1120 3279 1358 3328 remota
1412 3269 1547 3326 licet
1604 3278 1663 3326 et
1720 3287 1843 3325 non
1896 3277 2094 3326 aetate
2150 3277 2381 3326 tantum
2439 3269 2696 3337 inferior,
2753 3269 3032 3344 inclytam
3086 3267 3667 3343 Ruperto·Carolam
3717 3271 4097 3345 prosequitur
4140 3289 4430 3329 sororem.

736 3391 848 3449 Cui
898 3409 1082 3467 quum
1129 3390 1421 3465 rogationi
1468 3385 1957 3464 praestantissimi
2004 3389 2268 3464 collegae
2314 3390 2565 3447 libenter
2610 3391 2957 3457 adnuerem,
3004 3390 3162 3464 cupii
3207 3397 3414 3447 tamen
3461 3390 3700 3465 optimis
3734 3389 4149 3448 Universitatis
4190 3401 4434 3450 nostrae

734 3512 887 3568 votis
926 3510 1243 3567 literarium
1287 3517 1465 3566 etlam
1496 3507 1911 3583 qualecunque
1943 3509 2361 3566 munusculum
2397 3511 2669 3586 adjicere.
2746 3509 2866 3567 Sed
2901 3528 3052 3584 opus
3085 3510 3193 3566 suit
3227 3517 3540 3567 maturato.
3619 3509 3952 3567 Statueram
3997 3511 4174 3578 enim,
4208 3522 4272 3568 ut
4311 3512 4432 3570 hoc

736 3632 866 3705 ipso
904 3631 1029 3706 jam
1076 3647 1282 3687 mense
1326 3646 1572 3703 peregre
1617 3629 2035 3702 proficiscerer.

1145 3749 1263 3807 Sed
1310 3750 1654 3824 priusquam
1699 3749 1776 3805 ad
1825 3750 2099 3824 reliquias
2146 3750 2462 3808 nonnullas
2500 3750 2752 3827 Joannis
2791 3750 3120 3825 Agricolae,
3162 3768 3311 3825 quas
3341 3758 3407 3805 ut
3440 3750 3683 3806 ederem
3715 3750 3968 3816 decrevi,
4000 3750 4432 3808 describendas

734 3873 1042 3937 transierO,
1111 3871 1284 3927 liceat
1327 3870 1486 3936 mihi,
1556 3870 1617 3925 id
1672 3870 1838 3945 quod
1882 3889 1919 3926 a
1963 3870 2237 3927 sollemni
2284 3872 2598 3929 occasione
2643 3889 2771 3928 non
2815 3871 3075 3927 alienum
3125 3870 3435 3937 videbitur,
3484 3870 3562 3927 de
3617 3869 4002 3944 popularibus
4047 3873 4280 3938 nostriS,
4326 3873 4427 3947 qui

737 3991 879 4046 olim
928 3986 1370 4063 Heidelbergae
1414 3989 1748 4046 studiorum
1794 4008 2004 4047 caussa
2052 3991 2265 4047 versati
2314 3999 2466 4058 sunt,
2510 3992 2716 4065 paucis
2761 3992 2955 4048 verbis
3003 3993 3308 4049 disserere.

1144 4107 1284 4180 Quo
1352 4119 1623 4183 tempore
1673 4109 2199 4184 Heidelbergensis
2266 4119 2409 4167 nata
2468 4120 2557 4168 est
2614 4112 2981 4179 universitaS,
3039 4130 3113 4167 eo
3167 4111 3385 4168 nostris
3433 4112 3627 4186 regnis
3672 4129 3807 4167 cum
3855 4110 4227 4168 meridionali
4275 4110 4466 4169 Ger--

734 4234 934 4290 mania
980 4251 1112 4289 rara
1157 4232 1404 4288 omnino
1451 4241 1621 4289 erant
1663 4233 2035 4289 commercia.
2146 4232 2466 4290 Desierant
2504 4232 2628 4308 jam
2676 4233 2905 4289 dudum
2954 4231 3089 4304 piae
3136 4249 3243 4305 per
3286 4231 3468 4288 hasce
3516 4231 3788 4305 regiones
3845 4231 4197 4288 nostratium
4253 4249 4425 4305 pere-

733 4353 1116 4428 grinationeS,
1183 4370 1437 4426 quorum
1506 4353 1855 4409 memoriam
1907 4352 2107 4408 adhuc
2182 4359 2378 4409 servat
2450 4353 2633 4409 index
2698 4351 3039 4408 nominibus
3108 4350 3623 4408 Scandinavorum
3690 4352 3871 4408 etiam
3938 4351 4197 4408 virorum
4244 4351 4428 4409 refer·

734 4476 1006 4540 tissimus»,
1066 4475 1168 4548 qui
1216 4473 1640 4529 monasterium
1686 4474 1746 4528 in
1793 4473 1985 4546 Augia
2030 4472 2236 4529 Divite
2283 4473 2545 4548 positum
2595 4471 2737 4528 olim
2784 4472 3094 4528 visitavere
3122 4467 3182 4547 ¹),
3230 4480 3610 4529 cessaverant
3657 4472 3952 4528 cruciatae
3999 4472 4432 4546 expeditioneS,

735 4596 1076 4669 elanguerat
1108 4595 1372 4667 denique
1402 4592 1499 4648 illa
1541 4594 1618 4649 ad
1664 4593 1838 4666 longa
1878 4593 2088 4649 itinera
2130 4594 2506 4668 propensitas
2535 4590 2801 4666 gentium
2826 4600 3165 4648 nostrarum
3192 4591 3333 4647 inde
3358 4608 3393 4648 a
3422 4590 3651 4665 magnis
3674 4589 4034 4665 populorum
4058 4590 4425 4665 migrationi-

731 4716 842 4771 bus
887 4716 1142 4789 propria.
1236 4713 1493 4769 Romam
1562 4714 1753 4770 solum
1821 4714 2015 4771 clerici
2060 4714 2354 4771 beneficia
2398 4713 2563 4788 apud
2612 4712 2837 4767 curiam
2882 4719 3087 4787 petere
3133 4712 3325 4768 coacti
3386 4728 3847 4785 nonnumquam
3907 4711 4106 4767 adhuc
4161 4712 4425 4768 adibant.

730 4833 992 4890 Studiosi
1037 4842 1331 4890 nostrates
1376 4835 1438 4890 in
1464 4831 1853 4890 Parisiensem
1901 4833 2273 4906 potissimum
2309 4832 2768 4899 universitatem,
2811 4832 3033 4888 deinde
3075 4833 3260 4888 etiam
3297 4832 3359 4887 in
3386 4830 3744 4906 Pragensem
3777 4829 3868 4885 vel
3894 4830 3956 4885 in
3982 4827 4426 4888 Oxfordensem

730 4972 861 5011 sese
910 4955 1181 5011 conferre
1235 4954 1508 5011 solebant
1536 4949 1593 5028 ²).
1692 4952 1952 5028 Lipsiam
1999 4972 2243 5029 quoque
2289 4961 2471 5029 atque
2495 4952 2812 5010 Coloniam
2835 4948 2879 5029 3)
2929 4961 2987 5009 et
3023 4952 3357 5009 Lovanium
3405 4952 3704 5008 interdum
3750 4950 4068 5008 visitabant
4111 4959 4426 5020 nostrateS,

856 5174 896 5234 1)
934 5173 1183 5235 Anzeiger
1221 5174 1298 5221 fiir
1337 5174 1530 5222 Kunde
1565 5173 1654 5220 des
1689 5171 1959 5221 deutschen
2000 5172 2332 5228 MittelalterS,
2374 5174 2469 5220 IV.
2508 5188 2557 5236 p.
2596 5183 2658 5232 97
2703 5187 2832 5235 sqq„
2871 5170 3202 5234 Antiqvarisk
3243 5169 3517 5218 Tidsskrift
3557 5172 3749 5230 (Haun.
3795 5171 3941 5235 1845)
3977 5186 4025 5235 p,
4069 5185 4129 5236 73
4178 5191 4290 5237 sqq.

854 5258 898 5319 2)
934 5257 1133 5305 Afferre
1185 5257 1305 5305 libet
1360 5259 1510 5307 verba
1554 5258 1773 5307 canonici
1816 5258 2074 5322 cujusdam
2112 5257 2458 5321 Lincopensis,
2498 5256 2701 5306 Parisiis
2737 5273 2781 5304 a.
2828 5270 2954 5319 1414
2991 5256 3262 5305 versantis:
3339 5256 3506 5320 Major
3540 5263 3619 5305 est
3655 5256 3811 5318 gloria
3845 5258 3997 5316 urbis,
4037 5276 4186 5323 quarn
4226 5275 4428 5308 rumor:

934 5342 1092 5391 immo
1128 5344 1331 5404 Pragae,
1377 5343 1517 5407 cujus
1566 5343 1747 5391 samam
1798 5343 1968 5407 putavi
2006 5343 2143 5407 prius
2180 5343 2609 5401 inaestimabilem,
2648 5343 2771 5407 poni
2806 5344 2868 5391 ad
2905 5342 3222 5391 collationem
3259 5357 3374 5390 cum
3411 5342 3618 5390 Parisiis
3654 5357 3758 5390 non
3798 5352 4027 5393 meretur.
4084 5347 4165 5404 (E.
4204 5344 4428 5394 Benzclii

936 5431 1168 5477 Monum.
1210 5429 1461 5477 Historica
1516 5436 1678 5477 vetera
1713 5429 1828 5477 eccl.
1867 5428 2125 5492 Sviogoth.
2200 5429 2393 5493 Upsala
2447 5440 2590 5490 1709,
2640 5443 2672 5491 4
2711 5445 2760 5493 p.
2806 5428 2933 5486 162).
3005 5427 3229 5477 Nomina
3267 5427 3610 5476 studiosorum
3648 5445 3674 5477 e
3712 5428 3892 5486 Dania,
3931 5431 4118 5488 Svecia‚
4155 5429 4427 5494 Norvegia‚

934 5517 1021 5581 qui
1060 5518 1261 5578 Pragae,
1299 5515 1559 5564 Ersordiae
1595 5522 1643 5564 et
1681 5515 1949 5562 Rostochii
1985 5515 2164 5563 studiis
2202 5531 2447 5570 vacavere,
2490 5515 2539 5563 in
2585 5515 2876 5564 collectione
2913 5516 3158 5578 leguntur,
3214 5530 3365 5579 quarn
3404 5514 3513 5578 ipse
3549 5514 3682 5563 edidi
3720 5515 4000 5575 (Matrikler
4035 5533 4156 5566 over
4189 5517 4428 5566 nordiske

936 5603 1246 5652 Studerende
1285 5602 1379 5649 ved
1417 5601 1687 5649 sremmcde
1724 5601 2100 5650 Universiteter.
2140 5602 2256 5650 fasc.
2303 5605 2360 5664 1).

855 5691 898 5748 ³)
940 5690 1227 5754 Lipsienses
1264 5705 1292 5737 e
1320 5687 1483 5737 Dania
1520 5695 1566 5735 et
1596 5687 1850 5749 Norvegia
1885 5687 2096 5736 studiosi
2136 5687 2185 5734 in
2222 5688 2512 5736 collectione
2548 5686 2940 5751 locupletissima
2977 5686 3191 5735 Danica:
3231 5689 3350 5752 Nye
3380 5687 3796 5736 kirkehistoriskc
3828 5689 4107 5750 Sarnlinger
4145 5690 4233 5746 (ΙΙ,
4257 5705 4304 5752 p.
4327 5700 4424 5751 512

935 5779 1080 5838 sqq.),
1154 5774 1480 5823 Colonienses
1519 5773 1705 5833 (seculo
1743 5774 1902 5832 XVI)
1937 5789 1997 5820 ex
2045 5773 2203 5822 tribus
2240 5774 2402 5836 regnis
2439 5774 2623 5822 nostris
2659 5774 2711 5821 in
2743 5775 3023 5837 Norvegica
3059 5773 3375 5822 collectione:
3435 5774 3695 5823 Historisk
3734 5774 4006 5822 Tidsskrift
4047 5776 4126 5822 III
4165 5791 4215 5838 p.
4253 5774 4425 5836 481—

936 5874 1025 5922 491
1073 5867 1440 5909 enumerantur.
