5400 6759
1394 1995 1711 2079 Optimus
1758 1996 1993 2061 Canon
2040 1998 2108 2060 in
2156 1998 2558 2082 cognicione
2603 1999 3032 2081 prophetiae.
3614 1999 3739 2049 »Die
3775 1998 4070 2134 ἓτοιίὶὴείεη
4106 1999 4204 2047 alle

3833 2101 3897 2134 eu
3936 2100 3985 2133 SC
4024 2105 4062 2132 ,α

971 2208 1021 2248 1.
1090 2184 1293 2267 Quod
1360 2206 1632 2267 semper
1684 2187 2101 2268 prophetant
2161 2188 2495 2250 adversus
2555 2188 2939 2270 legitimum
3007 2188 3482 2269 magistratum
3593 2189 3655 2236 In
3700 2187 3852 2237 altera
3883 2188 4078 2283 *pa-gina
4105 2187 4212 2236 solii

1093 2335 1162 2385 et
1207 2324 1537 2385 damnant
1581 2344 1754 2405 opus
1801 2335 2164 2406 operatum
2213 2346 2310 2406 ps,
2360 2329 2458 2388 68.
3820 2288 3989 2338 prum.

968 2480 1021 2521 2.
1090 2459 1184 2521 Et
1228 2459 1599 2541 respiciunt
1646 2461 1733 2522 ad
1778 2458 1985 2522 finem
2033 2461 2283 2542 populi.

970 2619 1023 2677 3.
1091 2596 1183 2660 Et
1229 2598 1455 2660 studio
1510 2618 1767 2681 magno
1824 2601 2196 2662 obscurant
2253 2601 2678 2683 prophecias,
2740 2621 2911 2682 quas
2972 2600 3336 2683 projiciunt
3402 2601 3489 2662 ad

1092 2733 1299 2797 finem
1357 2735 1595 2816 populi
1653 2735 1855 2818 hujus
1911 2737 2000 2814 (Ρ),
2064 2746 2140 2797 ut
2198 2757 2489 2818 regnum
2551 2737 2803 2800 Christi
2862 2737 2950 2798 sit
3006 2736 3360 2818 spirituale
3421 2749 3490 2799 et

1101 2870 1416 2934 coelestis
1465 2871 1917 2935 Hierusalem.

1093 3369 1403 3432 Christus
1473 3371 1757 3453 graviSS.
1822 3368 2282 3432 testimonium
2357 3370 2513 3431 tulit
2581 3370 2667 3431 de
2735 3371 3104 3451 prophetis,
3171 3392 3325 3433 cum
3392 3372 3485 3434 ait

917 3508 1004 3569 ad
1079 3507 1481 3588 discipulos:
1574 3506 1713 3568 Alii
1780 3507 2298 3579 laboraverunt,
2379 3518 2447 3570 et
2526 3529 2652 3570 vos
2734 3508 2800 3569 in
2861 3509 3166 3571 laborem
3247 3530 3482 3571 eorum

915 3644 1206 3727 ingressi
1253 3644 1432 3706 estis,

1088 3780 1341 3843 Paulus
1388 3779 1577 3842 brevi
1621 3780 2026 3861 compendio
2066 3780 2475 3862 complexus
2524 3790 2630 3842 est
2676 3782 2847 3843 haec
2893 3783 3137 3855 omnia,
3187 3803 3341 3844 cum
3391 3783 3484 3846 ait

915 3919 979 3979 in
1020 3918 1233 3980 Rha:
1283 3917 1757 3999 Quaecunque
1804 3929 2006 3979 antea
2029 3916 2461 3998 praescripta
2509 3926 2701 3978 sunt:
2750 3918 2837 3979 ad
2884 3929 3186 3981 nostram
3235 3919 3483 3981 doctri-

914 4073 1071 4115 nam
1133 4055 1553 4136 praescripta
1614 4066 1774 4116 sunt
1830 4055 2231 4134 (nimirum),
2302 4065 2378 4117 ut
2436 4075 2560 4136 per
2620 4054 3046 4136 pacienciam
3110 4065 3179 4117 et
3242 4076 3483 4118 conso·

917 4191 1252 4253 lacionem
1302 4191 1789 4272 scripturarum
1840 4211 2031 4272 spem
2081 4191 2511 4253 retineamus,

1088 4689 1243 4750 Non
1292 4698 1397 4750 est
1442 4688 1784 4769 sapiencia
1829 4708 2037 4770 supra
2081 4689 2493 4770 sapienciam
2552 4691 3063 4771 prophetarum.
3151 4690 3357 4753 Adeo
3404 4702 3479 4754 ut

912 4829 1166 4891 Paulus
1213 4837 1396 4890 recte
1429 4827 1692 4900 dixerit,
1742 4827 2097 4889 ecclesiam
2146 4847 2298 4889 esse
2345 4826 2867 4890 fundamentum
2905 4827 3051 4889 siue
3087 4828 3474 4890 columnam

914 4965 1219 5027 veritatis
1267 4962 1786 5027 exaedificatam
1836 4984 2042 5046 supra
2098 4963 2621 5027 fundamentum
2683 4965 3156 5046 apostolorum
3208 4975 3277 5028 et
3323 4986 3478 5047 pro-

910 5104 1289 5182 phetarum.
1380 5101 1556 5164 Nam
1604 5103 1981 5183 prophetae
2027 5100 2305 5163 fuerunt
2347 5101 2758 5182 interpretes
2793 5101 3019 5183 Moysi
3071 5111 3139 5164 et
3185 5104 3473 5183 promis·

919 5238 1183 5300 sionum
1233 5238 1533 5299 omnium
1581 5237 1712 5299 Dei
1755 5236 2090 5300 factarum
2133 5238 2272 5320 jam
2333 5258 2374 5299 a
2431 5238 2802 5321 ParadySQ
2860 5249 2929 5301 et
2987 5238 3299 5302 Christus
3357 5242 3474 5303 do-

912 5374 1136 5436 minus
1198 5374 1546 5455 praeclare
1614 5374 1788 5437 dixit
1847 5376 1932 5437 de
1995 5375 2371 5456 prophetis,
2438 5395 2592 5437 cum
2653 5374 2918 5438 confert
2980 5378 3470 5458 prophetarum

910 5513 1180 5574 labores
1228 5521 1297 5573 et
1354 5513 1637 5574 sudores
1699 5532 1853 5574 cum
1912 5532 2182 5575 summo
2243 5512 2383 5574 otio
2443 5515 2941 5595 apostolorum:
3012 5515 3153 5577 Alii
3207 5516 3475 5578 labora-
