5400 6759
2496 551 2578 613 ‘25

1662 857 1926 906 Vorrhede
1962 857 2070 904 auff
2100 859 2196 906 den
2237 859 2525 921 Propheten
2557 859 2689 923 Joel.

1068 996 1200 1058 Hic
1248 998 1587 1077 propheta
1634 1007 1740 1057 est
1784 1016 1978 1057 meus
2025 1005 2309 1077 propter
2357 996 2770 1057 suavitatem
2805 1007 2873 1056 et
2905 994 3452 1056 moderacionem

889 1132 1160 1214 ingenii.
1266 1132 1439 1193 Nam
1491 1133 1673 1194 sensi
1721 1152 2008 1214 semper,
2057 1153 2166 1193 me
2214 1134 2300 1194 ad
2346 1135 2734 1195 docendum
2783 1131 3039 1194 factum
3088 1153 3256 1200 esse,
3315 1152 3454 1193 non

889 1273 975 1332 ad
1045 1270 1585 1333 conuiciandum.
1706 1269 1798 1331 Et
1856 1269 2200 1331 adhibitus
2268 1271 2354 1331 ad
2421 1270 2790 1332 conciones
2857 1271 2924 1331 in
2993 1269 3458 1351 imperialibus

890 1408 1196 1478 comitiiS,
1263 1406 1455 1469 effeci
1503 1407 1813 1469 doctrina
1860 1415 1927 1466 et
1977 1426 2140 1466 vero
2187 1406 2450 1478 iudicio,
2508 1416 2582 1466 ut
2650 1407 2844 1467 multi
2916 1427 3004 1466 ex
3051 1406 3456 1467 adversariis

889 1544 1301 1607 lucrifierent
1344 1545 1544 1607 Chro.
1613 1544 1832 1625 Spirae
1880 1553 2074 1604 erant
2121 1553 2429 1603 nostrum
2479 1544 2631 1614 du0,
2680 1541 3141 1623 Schneppfius
3188 1557 3257 1604 et
3304 1565 3456 1626 ego,

890 1682 1353 1764 Schneppfius
1433 1682 1791 1744 dicebatur
1864 1685 2216 1744 destruere
2296 1693 2364 1744 et
2442 1683 2754 1754 evellere,
2835 1684 2993 1767 Ego
3081 1684 3457 1747 aedificare.

891 1821 981 1882 Et
1014 1820 1401 1902 Episcopus
1436 1821 1897 1903 Augustanus
1937 1820 2125 1892 dixit,
2182 1841 2291 1881 me
2327 1821 2735 1883 adversariis
2781 1822 2934 1902 plus
2969 1842 3214 1884 nocere
3248 1843 3452 1903 quam

891 1957 1403 2039 Schneppfium.
1472 1957 1564 2019 Et
1591 1977 1752 2018 ecce
1786 1959 2001 2020 nostri
2032 1959 2362 2032 homines,
2396 1959 2809 2040 spalatinus,
2850 1961 3077 2040 Jonas,
3127 1960 3193 2022 C.
3219 1960 3456 2024 Guttel

890 2107 957 2157 et
1003 2096 1113 2156 alii
1159 2116 1397 2157 severe
1444 2097 1737 2156 oderunt
1784 2116 1909 2168 me,
1985 2098 2171 2177 quod
2218 2117 2355 2158 non
2405 2097 2717 2159 convicia
2757 2099 3052 2178 jacerem
3101 2098 3168 2158 in
3216 2101 3456 2160 adver-

890 2233 1119 2300 sarios,
1169 2244 1237 2294 et
1282 2253 1528 2313 passus
1575 2252 1723 2293 sum
1761 2234 1975 2294 multa
2022 2245 2303 2314 propter
2349 2253 2496 2293 eam
2549 2252 2709 2306 rem,
2758 2232 3047 2295 fortasse
3096 2237 3278 2315 quod
3326 2236 3454 2315 ipsi

891 2373 1136 2431 docere
1185 2390 1318 2430 non
1368 2381 1708 2450 poterant.
1800 2368 1968 2432 Gott
2015 2371 2319 2451 vergebe
2368 2389 2444 2430 es
2491 2371 2742 2451 yhnen.

1060 2506 1215 2588 Eyn
1265 2504 1452 2588 graff
1492 2527 1628 2567 von
1676 2505 2090 2589 Eysenberg
2136 2508 2223 2567 ad
2261 2507 2608 2579 Rhenum,
2656 2508 2873 2569 hostis
2905 2508 3112 2578 verbi,
3161 2509 3453 2589 primum

888 2645 1207 2707 inductus
1253 2646 1381 2706 hac
1426 2644 1626 2714 fama,
1674 2645 1833 2725 quia
1877 2645 2143 2725 placide
2192 2657 2261 2704 et
2305 2645 2695 2705 humaniter
2741 2646 3060 2706 docerem
3110 2647 3457 2708 auditores

888 2795 1138 2862 praeter
1183 2802 1438 2842 morem
1490 2781 1795 2852 aliorum,
1844 2781 2063 2862 prima
2112 2780 2440 2842 concione
2474 2780 2838 2862 Euangelii
2887 2794 3189 2844 mutatus
3237 2795 3342 2846 est
3387 2784 3454 2845 in

888 2921 1091 2981 alium
1142 2920 1377 2980 virum.
1464 2919 1606 2980 Der
1654 2920 1809 2980 liess
1857 2939 2011 3000 myr
2056 2920 2359 2980 hernach
2408 2939 2641 2999 sagen,
2691 2916 2861 2981 Gott
2906 2921 3097 2981 hette
3150 2920 3287 2982 ihm
3332 2923 3457 2983 das

888 3068 1061 3119 wort
1107 3058 1318 3119 durch
1370 3057 1549 3118 mich
1596 3076 1726 3138 yns
1772 3056 1898 3116 ohr
1944 3057 2188 3137 geben.
2289 3056 2409 3117 Ich
2476 3057 2681 3117 sollte
2729 3057 2945 3119 bitten
2993 3057 3244 3120 helffen
3294 3062 3456 3123 dass

887 3217 996 3256 ers
1042 3197 1182 3258 ihm
1232 3196 1406 3256 auch
1454 3195 1561 3256 ins
1609 3195 1841 3255 hertze
1889 3195 2095 3255 wolte
2143 3195 2464 3255 sencken.
2554 3194 2759 3255 Denn
2807 3215 2914 3255 wo
2948 3215 3021 3255 er
3066 3209 3261 3258 sonst
3307 3217 3455 3278 pre-

886 3335 1093 3416 ‹ligen
1129 3334 1426 3414 gehordt
1456 3333 1663 3404 hette‚
1712 3332 1799 3392 do
1832 3350 2013 3392 were
2048 3330 2272 3393 nichts
2308 3351 2668 3412 gewessen
2717 3334 2896 3394 denn
2946 3333 3451 3397 unfreundtlich

883 3470 1156 3533 flfichen
1228 3471 1368 3531 und
1435 3470 1758 3530 schelden
1829 3468 2089 3529 widder
2157 3469 2266 3529 die
2330 3467 2596 3531 Pfaffen
2659 3472 2799 3532 und
2865 3470 3184 3533 Munche.
3294 3472 3451 3535 Nun

886 3613 1076 3671 hette
1124 3629 1196 3669 er
1235 3628 1449 3690 gerne
1481 3618 1727 3668 ettwas
1758 3608 1973 3667 horen
2012 3607 2282 3678 wollen‚
2329 3608 2452 3668 das
2484 3610 2649 3690 yhm
2685 3609 2828 3670 sein
2855 3609 3111 3673 Hertze
3145 3621 3454 3693 getroest

886 3750 1091 3809 hette.
1207 3746 1302 3808 Er
1368 3747 1597 3806 wollte
1675 3747 1848 3806 auch
1921 3765 2134 3827 gerne
2205 3747 2516 3828 seheligk
2588 3766 2776 3828 seyn.
2872 3747 3033 3829 Hye
3093 3749 3284 3811 hette
3344 3769 3454 3811 ers

883 3886 1206 3948 fundenn.

1842 4689 1945 4736 Der
1984 4687 2208 4751 Prophet
2243 4688 2488 4737 Sacharia.

1056 4842 1418 4905 Effundam
1469 4841 1777 4922 spiritum
1839 4842 2094 4923 graciae
2155 4854 2225 4903 et
2287 4861 2336 4903 s,
2392 4862 2690 4922 precum,
2796 4844 2951 4906 Hoc
3013 4857 3143 4907 est:
3214 4845 3449 4908 Sancti

874 4978 1224 5062 justificati
1269 4979 1505 5061 spiritu
1555 4978 1809 5061 graciae
1862 4978 2309 5058 impelluntur
2373 4980 2460 5040 ab
2518 4981 2761 5042 eodem
2807 4982 3068 5062 spirim,
3127 4992 3203 5045 ut
3257 4985 3449 5047 inuo-

881 5125 1039 5178 cent
1084 5135 1333 5176 nomen
1380 5115 1674 5177 Domini.

1051 5252 1164 5315 Sic
1212 5254 1756 5314 accommodavit
1802 5254 2000 5316 Luth.
2048 5258 2231 5319 hunc
2298 5259 2523 5320 locum
2588 5262 2673 5321 ad
2721 5271 3204 5341 tempestatem
3252 5262 3448 5322 mari-

878 5412 1035 5454 nam
1087 5392 1300 5453 Math.
1350 5399 1403 5453 8.
1506 5397 1678 5470 1538.

3742 4732 3849 4781 cap.
3896 4730 3912 4763 1
3925 4728 3971 4764 2.

3759 4805 3824 4862 (v.
3870 4805 3965 4863 10).
