5400 6759
1254 850 1338 899 sol.
1380 851 1676 899 LXXVII.

1216 1621 1326 1669 cap.
1368 1618 1411 1652 2.
1484 1607 1549 1664 (v.
1599 1611 1694 1667 14).

1204 4997 1313 5046 cap.
1352 4993 1398 5042 3.
1473 4981 1538 5038 (v.
1584 4978 1684 5041 65).

2758 547 2844 609 20

2048 852 2222 915 VVer
2280 853 2595 917 Unrecht
2658 857 2828 926 thut,
2895 855 3079 918 darff
3133 856 3239 919 fiir
3285 858 3392 919 die
3452 855 3679 920 Strafe
3750 859 3937 922 nicht
4000 880 4270 941 sorgen‚
4347 862 4443 922 sic

1873 991 2151 1070 komptt
2199 992 2333 1052 wol
2380 993 2652 1054 selbest.

2803 1490 2902 1539 Die
2947 1491 3249 1555 klagelieder
3278 1492 3514 1557 Jeremia.

2054 1614 2227 1687 1546.
2318 1607 2579 1671 Omnes
2626 1614 3011 1693 prophetae
3060 1611 3390 1675 Saxonici
3438 1612 4031 1686 confirmaverunt,
4098 1615 4350 1676 bellum
4401 1637 4440 1675 a

1870 1745 2265 1808 saxonibus
2315 1757 2574 1809 motum
2615 1749 2800 1830 juste
2847 1759 3244 1830 susceptum
3279 1770 3447 1810 esse.
3515 1749 3604 1811 Et
3636 1749 3760 1811 fuit
3794 1750 4072 1832 spiritus
4105 1753 4437 1814 mendacii

1868 1885 1934 1945 in
1983 1904 2099 1945 ore
2147 1885 2448 1946 omnium
2500 1887 3034 1966 prophetarum„

2040 2397 2234 2470 Vide,
2281 2402 2465 2480 quod
2512 2400 2598 2461 sit
2637 2401 2884 2481 jugum
2936 2400 3211 2470 domini,
3259 2402 3441 2482 quod
3489 2404 3900 2482 portandum
3949 2403 4014 2463 in
4056 2403 4435 2484 juventute.

1870 2537 2132 2616 Nempe
2233 2557 2279 2596 1.
2349 2532 2698 2617 Geduldig
2761 2555 2948 2618 seyn.
3045 2558 3097 2598 2.
3165 2537 3329 2599 Und
3394 2537 3518 2600 auf
3553 2539 3660 2600 die
3713 2538 3947 2601 Hulffe
3993 2541 4115 2601 des
4165 2539 4432 2602 Herren

1861 2671 2125 2749 Jehova
2171 2674 2436 2734 barren.

2040 2810 2118 2871 Id
2166 2809 2349 2891 quod
2402 2809 2489 2870 M.
2523 2809 2761 2872 Cicero
2803 2810 2967 2872 dicit
2999 2811 3084 2871 de
3118 2811 3336 2872 senio:
3387 2811 3501 2892 qui
3537 2814 3681 2874 vult
3713 2812 3860 2874 fleri
3891 2834 4124 2884 senex,
4171 2826 4436 2876 mature

1867 2947 1988 3009 fiat
2034 2968 2265 3018 senex,
2336 2968 2410 3008 er
2453 2948 2640 3010 halte
2687 2947 2831 3008 sich
2881 2947 2946 3008 in
2994 2949 3116 3009 der
3151 2948 3466 3028 lugendt,
3537 2948 3664 3008 wie
3711 2948 3856 3010 sich
3906 2949 4011 3011 ein
4060 2952 4233 3011 alter
4271 2951 4432 3011 Man

1867 3087 2043 3148 heltt
2074 3086 2188 3147 inn
2232 3086 2486 3148 seinem
2525 3086 2745 3156 Alter,
2791 3086 2994 3167 juxta
3039 3086 3515 3166 proverbium:
3565 3086 3732 3147 Alte
3763 3087 3947 3148 leute
3979 3106 4252 3149 mussen
4289 3089 4432 3149 ihre

1867 3224 2116 3286 Sterke
2181 3225 2441 3286 suchen
2490 3223 2720 3285 hinter
2764 3225 2918 3284 dem
2971 3221 3193 3294 Offen‚
3257 3223 3323 3285 in
3372 3224 3495 3284 der
3527 3223 3862 3285 Kammer
3908 3224 4044 3285 und
4093 3227 4427 3306 weychen

1864 3363 2070 3434 bette‚
2118 3362 2495 3424 accomoda
2540 3362 2627 3423 ad
2676 3380 2873 3422 usum
2923 3379 3147 3421 rerum
3198 3361 3668 3442 spiritualium,
3708 3362 3909 3443 juxta
3954 3361 4135 3431 illud,
4183 3360 4248 3422 in
4298 3382 4433 3442 quo

1864 3499 2144 3582 corrigit
2208 3500 2612 3561 adolescens
2680 3500 2858 3561 viam
2932 3519 3145 3570 suam,
3211 3519 3421 3580 super
3484 3520 3684 3561 senes
3751 3499 4090 3560 intellexi:
4176 3500 4432 3581 Joseph

1864 3635 2107 3705 David,
2156 3636 2417 3706 Daniel,
2467 3637 2610 3698 Das
2656 3636 2749 3697 ist
2796 3636 2903 3697 die
2952 3637 3189 3698 rechte
3237 3634 3595 3697 Weisheit.
3683 3636 3842 3719 Ego
3875 3657 3916 3697 a
3946 3656 4159 3718 puero
4207 3638 4431 3697 amavi

1865 3776 2230 3835 conciones
2292 3785 2362 3835 et
2406 3793 2670 3836 sacram
2733 3772 3134 3853 scripturam
3186 3773 3386 3834 etiam
3437 3775 3653 3834 multo
3701 3783 4020 3834 manente
4068 3774 4180 3834 vel
4227 3774 4432 3835 nullo,

1865 3911 2077 3973 Anno
2134 3933 2202 3972 12
2252 3912 2497 3973 aetatis
2547 3931 2739 3973 meae
2794 3910 2953 3971 veni
3003 3910 3321 3991 Lypsiam
3389 3921 3460 3972 et
3521 3910 3773 3991 scripsi,
3838 3921 4171 3991 quantum
4236 3910 4426 3992 potui

1864 4068 1988 4129 per
2018 4058 2332 4120 aetatem,
2370 4048 2672 4110 omnium
2708 4048 3203 4109 monachorum
3235 4048 3634 4108 docencium
3680 4048 4045 4109 conciones
4077 4057 4162 4116 et,
4209 4048 4430 4129 gratia

1865 4187 2032 4260 Dee,
2080 4208 2217 4249 non
2265 4208 2414 4250 sum
2462 4186 2683 4250 factus
2731 4207 2820 4248 ex
2867 4207 2948 4247 eo
2996 4186 3306 4247 deterior.
3375 4185 3531 4268 Ego
3577 4185 3786 4248 habui
3830 4205 3872 4246 a
3916 4205 4129 4267 puero
4177 4186 4424 4247 malam

1866 4324 2385 4387 conscienciam.
2462 4325 2627 4386 Ideo
2675 4335 2953 4386 coactus
3000 4344 3148 4385 sum
3198 4324 3459 4384 discere
3506 4325 3695 4385 haec.
3785 4323 3941 4384 Non
3991 4334 4064 4384 ut
4110 4323 4425 4383 docerem

1865 4462 2049 4534 alios,
2096 4463 2217 4524 sed
2266 4473 2339 4524 ut
2386 4462 2480 4524 sic
2531 4462 2851 4523 viverem.

2034 4957 2184 5019 Erit
2262 4977 2499 5018 verum
2577 4957 2663 5020 de
2741 4958 3052 5019 Messore
3128 4957 3536 5028 Acanthow‚
3619 4955 3824 5022 Naso,
3911 4955 4426 5036 Hamburgensi

1862 5116 2013 5159 cum
2084 5093 2402 5156 omnibus
2472 5113 2706 5155 eorum
2781 5093 3244 5174 complicibus,
3314 5092 3429 5173 qui
3484 5104 3821 5156 renovant
3865 5093 4044 5154 vires
4091 5093 4429 5153 humanas

1862 5245 1929 5296 et
1976 5242 2442 5295 concantannt
2490 5230 2782 5313 gratiam
2833 5240 2901 5291 et
2948 5231 3264 5293 meritum
3300 5230 3565 5294 Christi.
3658 5232 3876 5292 Perde
3920 5231 4090 5302 illos,
4138 5230 4428 5294 domine.

1860 5372 2080 5452 primo
2150 5390 2424 5452 quoque
2487 5380 2815 5449 tempore.
2946 5367 3120 5429 Haec
3185 5368 3420 5449 scripsi
3499 5372 3651 5446 1562
3720 5387 3955 5429 mense
4004 5366 4200 5445 Julio.
4322 5366 4425 5426 Tu

1862 5512 2158 5570 observa
2204 5508 2492 5570 exitum.
