5400 6759
1256 3432 1365 3480 cap.
1409 3428 1485 3462 21.
1560 3421 1624 3474 (v,
1672 3423 1735 3475 (J).

1240 4271 1349 4318 cap.
1393 4268 1471 4301 22.
1545 4265 1609 4314 (v.
1656 4259 1748 4317 13).

1260 4853 1369 4901 cap.
1412 4849 1488 4898 23.
1566 4841 1627 4896 (v.
1676 4839 1737 4900 1).

1400 5371 1466 5428 (v.
1513 5373 1605 5429 14)-

2807 546 2884 608 14

2092 856 2247 938 Ego
2295 877 2500 937 saepo
2548 856 2780 937 optavi
2829 855 3031 917 michi
3079 866 3392 918 mortem.

2090 1353 2151 1416 O
2200 1355 2466 1435 quoties
2513 1353 2683 1414 dixi:
2777 1355 2934 1435 quia
2984 1372 3118 1414 non
3168 1353 3367 1414 didici
3417 1354 3720 1424 verbum,
3789 1362 3864 1414 ut
3923 1351 4090 1413 alios
4146 1354 4488 1422 docerem,

1916 1491 2173 1553 utinam
2224 1491 2621 1553 mansissem
2674 1491 2993 1560 medicu3,
3041 1490 3214 1551 sicut
3250 1509 3630 1570 coeperam.
3699 1489 3875 1550 Tum
3936 1509 4070 1550 non
4128 1501 4488 1551 moverent

1919 1651 2027 1690 me
2074 1631 2204 1691 hae
2253 1630 2695 1692 calamitates,

2092 2143 2293 2207 Graff
2346 2145 2686 2206 Albrecht
2755 2165 2890 2206 von
2950 2143 3324 2206 Mansfeldt
3390 2143 3470 2204 D.
3522 2142 3843 2203 MattheS.
3915 2163 3996 2203 zu
4071 2141 4293 2212 Hoffe‚
4362 2144 4484 2203 der

1920 2282 2138 2345 Artzt.
2207 2283 2384 2344 Dern
2416 2280 2696 2344 Graffen
2729 2282 2908 2343 habe
2943 2281 3049 2343 ich
3082 2281 3352 2342 neulich
3401 2279 3698 2362 gedient‚
3747 2279 4094 2340 Matthese
4142 2281 4321 2341 habe
4369 2280 4483 2341 ich

1918 2419 2025 2479 cin
2055 2418 2276 2480 Kindt
2323 2439 2481 2480 auss
2528 2421 2649 2480 der
2682 2415 2924 2479 Tauffc
2974 2418 3292 2499 gehoben
3356 2417 3495 2477 und
3553 2417 3685 2477 viel
3743 2427 3935 2498 gutts
3993 2417 4269 2498 gethan.
4362 2417 4484 2478 Al-

1918 2557 2152 2616 bertus
2200 2567 2303 2617 est
2337 2557 2687 2638 conjectus
2719 2556 2786 2621 in
2821 2575 3164 2616 carcerem
3201 2574 3380 2615 anno
3425 2575 3582 2632 1544
3615 2574 3655 2614 a
3680 2553 4027 2615 Mauricio.
4099 2552 4176 2615 G.
4217 2555 4485 2635 vesperi

1917 2694 2154 2763 laetus
2204 2712 2404 2753 mane
2452 2692 2771 2754 inventus
2817 2692 2883 2753 in
2933 2693 3112 2753 lecto
3163 2702 3488 2754 mortuus

2082 2830 2291 2907 Jonas
2347 2849 2590 2910 passus
2652 2840 2757 2891 est
2815 2829 3053 2910 capitis
3100 2829 3644 2890 diminucionem.
3753 2828 3843 2890 Et
3908 2829 4227 2909 exemplo
4293 2828 4482 2910 Cayn

1916 2969 2166 3030 circum
2212 2967 2391 3029 circa
2439 2979 2735 3050 vagatus
2759 2967 3134 3049 Ospoldiae
3166 2966 3232 3028 in
3261 2967 3549 3029 Francia
3570 2966 3901 3030 Orientali
3928 2966 4132 3027 miser
4159 2975 4483 3027 mortuus.

2090 3414 2271 3495 Huy‚
2337 3416 2459 3475 das
2528 3436 2600 3476 es
2649 3415 2964 3496 Leypzig
3029 3414 3218 3476 nicht
3290 3414 3491 3496 gelte.
3619 3433 3797 3492 1533.
3907 3412 4082 3473 Nam
4129 3414 4480 3494 projectae

1914 3562 2072 3613 sunt
2120 3551 2384 3612 animae
2431 3553 2586 3632 plus
2636 3572 2759 3631 700
2806 3559 3091 3631 propter
3135 3550 3618 3633 Evangelium.
3727 3550 3918 3612 Idem
3981 3550 4226 3611 accidit
4286 3549 4483 3610 Halis

1914 3689 2269 3752 Saxonum
2350 3708 2527 3766 1534.
2648 3688 2901 3749 Postea
2975 3687 3339 3756 Saxoniae‚
3423 3687 3713 3749 Hessiae
3797 3699 3865 3749 et
3932 3687 4247 3748 omnibus
4322 3706 4482 3748 con·

1914 3826 2294 3889 foederatis.

2086 4239 2242 4322 Ego
2312 4259 2566 4308 vereor,
2652 4259 2739 4299 ne
2819 4242 2990 4300 haec
3067 4250 3135 4301 et
3205 4239 3335 4300 alia
3405 4239 3645 4301 similia
3710 4238 4117 4321 contingant
4181 4237 4482 4300 Domino

1917 4377 2162 4438 Comiti
2208 4376 2521 4437 AlbertO.
2598 4375 2687 4436 M.
2724 4373 2793 4437 C.
2831 4374 2920 4436 A.
2954 4375 3038 4436 A.
3073 4395 3129 4436 a.
3167 4373 3555 4437 Mansfeldt.
3632 4373 3890 4437 Saxoni
3925 4384 3992 4435 et
4026 4373 4257 4435 Hesso
4306 4394 4482 4452 1530,

2089 4819 2244 4880 Hoc
2309 4819 2464 4880 loco
2531 4840 2693 4880 usus
2765 4831 2868 4881 est
2930 4820 3282 4898 Johannes
3344 4820 3498 4882 Hus
3565 4830 3802 4882 contra
3849 4817 4248 4880 Pontificem
4303 4818 4484 4879 Rho.

1915 4967 1985 5018 et
2030 4958 2222 5018 bene.

2087 5365 2487 5428 Adversarii
2530 5366 2742 5427 nostri
2791 5369 3066 5428 werden
3114 5388 3245 5429 uns
3292 5367 3514 5428 nichts
3561 5369 3751 5440 thum,
3799 5372 3964 5432 aber
4010 5388 4214 5431 unser
4261 5367 4478 5428 Leute

1918 5505 2292 5586 Regenten
2343 5504 2481 5563 und
2532 5503 2985 5586 Theologenn
3032 5506 3306 5566 werden
3360 5525 3432 5565 es
3480 5507 3670 5575 thun,
3722 5506 3895 5568 sicut
3942 5507 4090 5568 scis,
