5400 6759
2536 556 2613 618 19

932 883 1090 924 uns:
1139 860 1207 925 S.
1257 861 1516 934 Urban‚
1565 865 1686 924 der
1724 863 1893 926 solle
1935 876 2061 946 gut
2086 864 2363 927 VVetter
2397 868 2535 927 und
2564 865 2772 927 Wein
2800 866 3043 947 geben,
3092 862 3158 926 S.
3210 864 3505 925 Alexius

930 1001 1065 1062 will
1116 1002 1249 1061 den
1298 962 1581 1062 Donner
1627 1003 1767 1062 und
1816 1001 1989 1063 Blitz
2033 999 2308 1064 helffen.

1106 1445 1259 1506 Non
1310 1457 1413 1506 est
1461 1445 1815 1507 consilium
1864 1456 2103 1507 contra
2140 1446 2529 1507 Dominum.
2622 1445 2756 1526 Qui
2792 1458 2898 1507 est
2935 1445 3270 1517 adflictus·
3313 1447 3504 1508 ferat.

937 1583 1089 1644 Non
1144 1584 1400 1663 poterit
1469 1603 1623 1645 eum
1687 1585 2003 1646 deserere
2049 1585 2380 1648 dominus.
2487 1583 2582 1646 Es
2631 1585 2982 1666 geschehe
3028 1586 3229 1647 kurtz
3291 1585 3506 1645 odder

932 1721 1166 1802 langk.
1257 1718 1396 1781 Sed
1443 1720 1627 1800 quod
1675 1740 1800 1780 nos
1845 1741 1984 1781 non
2031 1731 2478 1802 expectamus
2522 1741 2799 1784 manum
2850 1722 3119 1795 domini,
3166 1721 3319 1782 ideo
3365 1741 3503 1782 non

933 1867 1164 1937 potest
1224 1858 1465 1918 adesse
1527 1856 1741 1918 nobis.
1856 1855 2039 1938 Wyr
2104 1858 2428 1917 kommen
2500 1856 2637 1918 ihm
2712 1878 2865 1919 cum
2936 1869 3172 1921 nostra
3233 1858 3509 1941 justicia

935 2007 1190 2055 tzuuor.
1310 1992 1493 2075 Wyr
1572 1994 1799 2054 haben
1870 2003 1981 2054 tzu
2053 1992 2185 2054 viel
2254 1992 2524 2055 Rechts
2614 1997 2756 2056 und
2837 1997 3161 2058 behalten
3233 1995 3508 2059 Rechts

936 2132 1240 2212 uberley.
1333 2130 1488 2190 Veh
1535 2130 1748 2191 nobis,

1106 2574 1579 2637 Verbrandter
1602 2575 1854 2660 Bergk.
1888 2577 2376 2660 Wittemberg.
2420 2576 2716 2659 VVeyter
2741 2577 2941 2658 Berg.
3003 2575 3262 2639 Vastus
3287 2597 3503 2640 mons,

1106 3019 1476 3100 spirituale
1523 3032 1628 3082 est
1679 3023 1973 3092 omnino,
2039 3026 2221 3104 quod
2292 3022 2542 3085 fatetur
2588 3044 2781 3085 suam
2831 3024 3103 3103 culpam
3154 3033 3224 3085 et
3270 3036 3502 3085 manet

931 3157 995 3218 in
1041 3157 1323 3237 Jehova.

1104 3588 1292 3670 Wye
1357 3590 1581 3650 haben
1651 3589 1759 3650 die
1823 3589 2225 3651 Hertzleute
2297 3589 2484 3651 diese
2532 3588 2847 3670 Spruche
2906 3590 3273 3671 practicirt.
3382 3591 3502 3653 Ad

934 3746 1294 3806 vesperum
1343 3727 1876 3788 commorabitur
1928 3726 2148 3800 fletuS,
2215 3740 2281 3790 et
2341 3730 2427 3790 ad
2486 3748 2689 3791 mane
2749 3727 3032 3789 laeticia.
3140 3727 3314 3789 Item
3386 3729 3500 3810 qui

932 3862 1223 3924 seminat
1268 3862 1333 3923 in
1382 3863 1743 3934 lachrimis
1791 3887 1945 3928 cum
1995 3868 2429 3929 exultacione
2486 3877 2765 3930 metent.
2856 3866 3121 3928 Euntes
3181 3866 3372 3929 ibant
3431 3881 3502 3930 et

858 4072 869 4080 ι
928 3995 1204 4070 flebant,
1292 3998 1644 4061 mittentes
1718 4002 1978 4063 semina
2041 4023 2180 4075 sua,
2269 4004 2623 4067 venientes
2692 4014 2922 4066 autern
2989 4005 3274 4067 veniunt
3343 4025 3497 4067 cum

932 4135 1384 4208 exultacione,
1432 4147 1787 4218 portantes
1834 4137 2221 4219 manipulos
2266 4158 2446 4211 suos
2512 4139 2663 4220 quis
2711 4159 2926 4220 queso
2976 4160 3280 4221 unquam
3329 4141 3500 4204 vidit

934 4283 1246 4354 segetem
1294 4292 1417 4353 per
1461 4321 1473 4332 .
1521 4320 1534 4333 .
1584 4286 1869 4334 mortem
1922 4286 2400 4337 maturescere.

1098 4408 1195 4470 Es
1241 4410 1517 4491 heyssst
1563 4410 1629 4471 in
1677 4431 1895 4492 regno
1945 4412 2179 4474 mundi
2238 4423 2306 4475 et
2359 4412 2735 4476 Sathanae:
2828 4415 3036 4477 Aude
3105 4416 3376 4497 aliquid,
3441 4418 3496 4479 si

929 4546 1030 4607 vis
1095 4567 1247 4608 esse
1318 4548 1587 4630 aliquid,
1655 4550 1977 4613 brevibus
2026 4552 2248 4632 cyaris
2296 4563 2365 4615 et
2414 4572 2685 4614 carcere
2733 4552 3037 4636 dignum,
3106 4555 3244 4636 hye
3290 4555 3496 4637 heyst

928 4705 1000 4745 es
1048 4684 1520 4764 spiritualiter:
1588 4684 1770 4747 Tace
1818 4698 1887 4748 et
1933 4707 2068 4749 ora.
2178 4688 2376 4750 Thue
2424 4690 2525 4750 als
2571 4701 2866 4752 werestu
2915 4690 2982 4752 in
3033 4711 3320 4764 carcere,
3387 4693 3496 4754 die

919 4823 1191 4901 Judenn
1246 4843 1473 4883 waren
1533 4825 1763 4894 zehen‚
1810 4823 2193 4898 funfzehen‚
2249 4828 2574 4910 zwanzig.
2644 4828 2820 4890 Tum
2866 4829 2996 4891 cris
3042 4850 3340 4911 magnus
3382 4851 3494 4892 co-

924 4960 1124 5020 lonus
1172 4960 1237 5021 in
1285 4981 1411 5022 usu
1459 4980 1683 5022 rerum
1733 4962 2200 5043 spiritualium.

1098 5095 1333 5157 Perfer
1379 5107 1448 5157 et
1496 5097 1777 5170 obdura,
1825 5098 2020 5161 dolor
2065 5099 2176 5160 hic
2222 5099 2342 5161 tibi
2390 5102 2696 5181 proderit
2743 5103 2920 5164 olim.

1100 5232 1448 5314 Quidquid
1513 5235 1638 5296 erit
1684 5237 2087 5316 superanda,
2147 5238 2368 5298 omnis
2423 5236 2704 5300 fortuna
2749 5237 3031 5302 ferenda
3077 5253 3197 5304 est.
3307 5240 3489 5305 Olim

927 5371 1315 5433 meminisse
1354 5374 1638 5454 juvabit.
1739 5374 1961 5435 Dulce
2008 5387 2113 5435 est
2159 5375 2548 5437 meminisse
2595 5377 2925 5440 laborum.
3030 5377 3322 5460 Optabis
3370 5399 3491 5460 op-

926 5509 1104 5578 tima,
1153 5510 1459 5589 sperabis
1507 5509 1901 5576 difficiliora.
1949 5525 2016 5574 et
2061 5512 2255 5580 feres,
2306 5532 2757 5596 quaecunque
2805 5527 3019 5579 erunt.

3682 1461 3790 1510 cap.
3833 1457 3912 1508 51·
3987 1449 4052 1506 (v.
4092 1450 4163 1508 9).

3821 2579 3886 2638 (ν.
3929 2582 4026 2639 25).

3701 3023 3787 3071 fol.
3827 3021 4127 3069 LXXVII.
