5400 6759
2504 498 2581 560 13

905 814 1397 898 Ewangelions
1441 812 1790 874 berauben
1839 811 2061 880 wolte‚
2111 809 2297 871 denn
2339 815 2620 889 nymptt
2665 825 2742 868 er
2771 807 2910 876 dae,
2959 823 3036 866 so
3067 803 3294 863 haben
3328 818 3478 881 wyr

910 974 984 1016 es
1031 953 1199 1014 alles
1247 951 1625 1013 verlohren.

1079 1399 1234 1460 Deo
1284 1396 1545 1459 Gracia.
1637 1395 1747 1458 Du
1794 1394 2120 1457 frommer
2166 1390 2351 1456 Gott.
2442 1390 2534 1453 Et
2580 1391 2675 1453 sic
2723 1403 2828 1452 est
2873 1388 3131 1451 factum
3189 1408 3364 1467 1540.

1086 1860 1246 1922 Hoc
1294 1859 1539 1922 accidit
1585 1859 1814 1921 statim
1862 1858 2257 1922 Saxonibus
2316 1877 2491 1936 1532.

1088 2306 1279 2368 Idem
1351 2304 1623 2366 eveniet
1679 2303 1747 2365 in
1809 2302 2136 2372 Marchia‚
2214 2321 2369 2363 cum
2420 2302 2748 2384 Princeps
2807 2302 2874 2363 in
2944 2312 3137 2363 tanta
3195 2303 3349 2363 luce
3419 2314 3488 2363 et

926 2442 1352 2506 confessione
1398 2440 1763 2523 Evangelii
1810 2440 2226 2501 adulteraret
2283 2440 2482 2521 juxta
2528 2439 2725 2501 illud:
2784 2438 3071 2501 affectus
3119 2438 3490 2520 corripiens

921 2580 1268 2643 hominem
1316 2588 1444 2641 etc.
1535 2577 1709 2640 &Ver
1754 2577 1882 2638 soll
1928 2576 2278 2658 predigen,
2329 2597 2505 2639 wem
2558 2578 2684 2639 soll
2734 2578 3094 2659 geluesten
3142 2598 3224 2639 zu
3270 2577 3490 2638 leben.

924 2716 1143 2781 Straff
1182 2717 1405 2778 Herre
1452 2713 1677 2779 Straff.

1096 3162 1590 3245 Expostulacio
1637 3182 1793 3225 cum
1840 3163 2007 3236 De0‚
2096 3162 2321 3224 Wens
2368 3163 2556 3225 nicht
2603 3164 2790 3245 gehn
2831 3161 2986 3230 will,
3076 3161 3220 3223 Das
3267 3163 3494 3223 kenne

925 3300 1034 3361 ich
1059 3318 1250 3360 seere
1276 3297 1427 3359 wol.
1487 3297 1665 3358 Nam
1697 3308 1858 3379 post
1893 3319 2147 3360 annum
2183 3299 2427 3361 aetatis
2463 3320 2661 3362 meae
2686 3299 3289 3382 quadragesimum
3312 3300 3496 3360 sensi

928 3436 1252 3517 majorem
1304 3436 1632 3516 impetum
1681 3434 1889 3497 animi
1941 3435 2027 3495 ad
2082 3454 2163 3495 ea
2198 3433 2378 3506 vitia,
2441 3434 2694 3515 quibus
2736 3435 3062 3517 juventus
3102 3435 3497 3507 delectatur,

930 3590 1136 3652 quam
1170 3591 1343 3653 puer
1373 3571 1549 3632 olim.
1620 3570 1887 3633 Deinde
1907 3569 2124 3632 Verbi
2156 3580 2595 3652 contemptus
2627 3571 2968 3633 maximus
3001 3570 3226 3633 effecit
3270 3592 3495 3652 saepe,

928 3719 1003 3770 ut
1051 3728 1205 3769 cum
1254 3729 1388 3790 ego
1435 3729 1558 3790 per
1604 3728 1715 3770 me
1762 3707 1926 3770 satis
1971 3707 2314 3781 haberem,
2363 3710 2548 3789 quod
2582 3706 2921 3780 deflerem,
2970 3718 3038 3770 et
3068 3706 3319 3769 frustra
3364 3709 3497 3769 hoc

927 3843 1140 3917 fieret,
1210 3847 1397 3926 quod
1458 3848 1799 3918 docerem,
1863 3858 1939 3907 ut
2001 3846 2363 3927 abjicerem
2429 3846 2894 3918 ministerium,
2958 3866 3195 3908 verum
3256 3857 3498 3927 postea

929 3981 1196 4064 impulit
1259 4003 1369 4043 me
1433 3982 1677 4044 iterum
1747 3983 1833 4043 ad
1880 3983 2265 4044 docendum
2330 3983 2619 4044 verbum
2681 3983 2932 4046 nescio
2985 3983 3205 4064 qualis
3274 3993 3500 4045 motus

929 4120 1149 4190 animi,
1197 4119 1482 4181 vincens
1531 4129 1600 4182 et
1646 4140 1869 4182 meam
1915 4119 2125 4201 ipsius
2171 4120 2712 4183 imbecillitatem
2759 4131 2829 4182 et
2873 4120 3146 4202 publica
3195 4122 3389 4182 mala.

1108 4583 1263 4646 Hoc
1328 4584 1575 4646 accidit
1632 4585 1796 4646 mihi
1852 4584 2410 4666 Wittembergae
2478 4604 2518 4644 a
2562 4583 2887 4656 Luthero,
2951 4584 3134 4646 denn
3203 4604 3276 4645 er
3338 4586 3501 4647 liess

932 4720 1077 4782 sich
1124 4718 1444 4783 versuren
1493 4735 1562 4783 et
1608 4723 1983 4784 damnabat
2040 4721 2253 4782 eciam
2303 4741 2525 4804 genus
2572 4721 2927 4784 oracionis.
3039 4722 3218 4784 Dass
3266 4726 3503 4785 macht

933 4859 1055 4919 der
1100 4857 1378 4940 leydige
1425 4858 1678 4940 Neydt.

1110 5320 1240 5383 Die
1286 5322 1692 5404 Theologen
1752 5342 1833 5383 zu
1879 5320 2357 5404 Wyttebergk
2421 5323 2561 5383 und
2616 5342 2807 5384 zwen
2870 5323 3006 5384 alte
3054 5321 3355 5384 Monche
3424 5343 3505 5382 zu

937 5458 1323 5541 Eyssleben
1371 5460 1511 5520 und
1558 5479 1750 5520 zwen
1797 5459 1975 5520 lame
2021 5454 2294 5540 pfaffen.

3661 1858 3766 1907 cap.
3811 1855 3887 1904 19.
3960 1843 4025 1902 (v.

3782 2302 3889 2350 cap.
3931 2297 4012 2333 20.

4070 1837 4138 1899 6).
