5400 6759
1359 1981 1443 2030 sol.
1485 1982 1693 2031 XXIV
1729 1983 1779 2030 b.

2853 545 2936 606 24

2705 853 2968 902 Vorrhede
3005 855 3124 902 vber
3161 855 3256 902 den
3299 854 3584 917 Propheten
3627 855 3820 902 Daniel.

2141 988 2380 1052 Gallus
2429 1011 2633 1072 saepe
2684 993 2976 1054 tentavit
3035 1013 3157 1074 per
3202 995 3542 1075 principes
3591 993 3976 1055 Germanos
4024 1004 4295 1054 vastare
4345 994 4539 1054 Rho-

1968 1148 2244 1189 manum
2295 1129 2682 1207 Imperium,
2732 1132 2851 1191 sed
2901 1129 3167 1192 frustra.

2936 1832 3060 1889 (Der
3099 1831 3324 1895 Prophet
3365 1834 3570 1886 Hosea).

2138 1965 2478 2029 Lutherus
2543 1970 2669 2027 sub
2738 1988 2992 2029 annum
3041 1969 3317 2031 Domini
3376 1981 3532 2048 1530
3580 1971 3752 2032 dixit
3800 1973 3886 2032 ad
3935 1992 4077 2033 me:
4173 1972 4348 2033 Fieri
4396 1993 4530 2034 non

1965 2123 2183 2183 posse,
2231 2115 2305 2165 ut
2354 2125 2505 2166 cum
2557 2105 2719 2186 ipsis
2766 2105 3105 2176 sentirem,
3162 2107 3495 2187 siquidem
3545 2127 3678 2168 non
3729 2108 4238 2170 declamitarem
4290 2119 4532 2171 contra

1965 2240 2061 2301 W
2064 2241 2331 2302 icelium
2368 2252 2435 2302 et
2470 2242 2799 2322 Papistas.
2879 2241 3089 2323 Quasi
3126 2264 3287 2305 vero
3319 2243 3662 2307 Schelden
3698 2248 3916 2307 unndt
3960 2244 4228 2308 fluchen
4279 2256 4346 2308 et
4394 2267 4528 2308 non

1964 2379 2209 2439 docere
2272 2380 2358 2440 sit
2423 2400 2596 2460 opus
2662 2381 2966 2442 doctoris
3013 2380 3394 2462 Euangelii.
3502 2381 3626 2443 Inn
3692 2384 3813 2443 der
3868 2380 4232 2464 Suspicion
4302 2384 4526 2445 lassen

1964 2516 2060 2576 sie
2108 2517 2303 2586 mich,
2354 2520 2475 2578 scd
2523 2516 2867 2586 failuntur,
2917 2517 3070 2578 Due
3117 2518 3351 2578 weists
3399 2538 3600 2599 meyn
3655 2517 3839 2581 Gott.

2137 2654 2261 2715 Ztu
2290 2653 2716 2736 Leugenfeld
2776 2677 2920 2734 1541
2979 2655 3268 2737 profecti
3317 2658 3398 2717 ad
3450 2657 3722 2719 comitia
3756 2659 4300 2721 Ratisbonensia
4346 2660 4530 2722 inve-

1962 2791 2184 2852 nimus
2245 2792 2619 2873 principem
2696 2793 3113 2875 Phylippum
3167 2794 3570 2866 Palatinum,
3635 2797 4011 2858 mordicum
4081 2799 4524 2860 Retinentem

1963 2933 2300 2992 humanas
2364 2930 2884 2994 satisfactiones
2999 2932 3130 2994 Hic
3196 2952 3347 2994 cum
3425 2954 3534 2994 me
3582 2936 3796 2995 semel
3845 2946 4108 2996 tantum
4159 2936 4528 2997 audiuisset

1961 3069 2322 3130 docentem
2358 3072 2442 3130 de
2476 3070 2910 3150 poenitencia
2935 3070 3116 3132 Petri
3149 3081 3219 3131 et
3233 3071 3426 3150 Jude,
3474 3071 3569 3133 sic
3602 3083 3706 3132 est
3741 3092 4131 3145 conuerSUS,
4180 3087 4254 3135 ut
4287 3084 4528 3155 postea

1962 3218 2176 3270 totam
2225 3209 2607 3271 doctrinam
2656 3208 3153 3272 iustificationis
3201 3221 3482 3273 coactus
3540 3232 3688 3273 sum
3739 3212 3803 3289 (ἕ)
3851 3210 3911 3271 ei
3960 3230 4114 3271 mea
4159 3231 4364 3272 manu
4413 3212 4526 3271 de-

1961 3346 2273 3417 scribere,
2321 3358 2396 3408 ut
2443 3349 2752 3422 haberet,
2798 3351 2978 3430 quod
3027 3361 3367 3430 perpetuo
3417 3358 3833 3431 sequeretur.
3903 3348 4083 3410 Dass
4129 3350 4320 3410 hette
4368 3369 4522 3410 man

1961 3483 2081 3545 mit
2130 3484 2452 3547 Pueltern
2501 3485 2692 3546 nicht
2740 3485 3184 3567 ausgerichtt.

2131 3621 2286 3704 Ego
2333 3623 2398 3684 in
2450 3622 2869 3684 conscientia
2916 3642 3070 3683 mea
3118 3641 3346 3682 coram
3394 3621 3562 3682 Deo,
3673 3621 3869 3698 (Nam
3920 3622 4262 3685 Lutherus
4311 3635 4379 3684 et
4425 3644 4524 3684 re-

1958 3761 2137 3841 liqui,
2186 3772 2480 3841 excepto
2536 3781 2672 3822 uno
2726 3760 3047 3840 Philippo
3096 3779 3260 3839 sepe
3307 3779 3442 3820 non
3493 3769 3761 3821 tantum
3812 3770 4327 3833 accusaverunt,
4395 3764 4514 3823 sed

1958 3898 2171 3959 eciam
2223 3918 2350 3979 pro
2398 3918 2519 3958 sua
2568 3897 2970 3964 temeritate,
3035 3897 3218 3956 denn
3269 3895 3751 3976 arckwoniger
3805 3897 4019 3958 leutte
4066 3899 4204 3959 und
4251 3918 4527 3980 grosser

1959 4035 2392 4118 muttwillige
2440 4033 2751 4096 freweler
2798 4037 2977 4096 habe
3025 4037 3134 4096 ich
3184 4035 3362 4096 mein
3412 4045 3574 4118 tage
3623 4035 3812 4097 nicht
3858 4033 4133 4105 funden,
4184 4037 4320 4096 und
4369 4058 4521 4097 wue

1957 4172 2053 4233 sie
2102 4173 2291 4234 nicht
2338 4173 2459 4233 mit
2493 4171 2700 4233 Ernst
2746 4173 2999 4233 druber
3037 4171 3425 4253 gebuesset,
3478 4172 3642 4233 wird
3677 4172 3774 4233 sie
3807 4171 3978 4235 Gott
4025 4172 4212 4233 nicht
4257 4173 4519 4255 seeligk

1956 4310 2284 4390 gemacht
2352 4310 2594 4369 haben.
2727 4308 2846 4369 Ich
2912 4306 3096 4369 hoffe
3166 4309 3344 4380 aber,
3423 4309 3517 4370 sie
3585 4311 3849 4371 habens
3914 4311 4271 4380 erkanndt,
4342 4311 4519 4371 denn

1958 4466 2247 4526 grossen
2313 4444 2531 4507 Stoltz
2599 4446 2738 4506 und
2803 4445 3233 4526 Sycherheit,
3298 4447 3550 4506 andere
3618 4447 3831 4507 leutte
3897 4467 3984 4508 on
4051 4447 4217 4507 alles
4287 4459 4521 4529 gottes

1952 4584 2181 4646 furcht
2252 4584 2388 4645 und
2459 4582 2890 4666 furgehende
2956 4582 3372 4664 Inquisicion
3436 4604 3517 4644 zu
3564 4583 3844 4645 richten.
3956 4583 4185 4665 Soepe
4231 4585 4520 4665 opposui

1952 4722 2082 4783 illis
2128 4723 2276 4794 hoc,
2325 4722 2508 4802 quod
2557 4730 2662 4780 est
2709 4719 2776 4781 in
2825 4719 3057 4781 Paulo.
3137 4719 3254 4780 Ich
3303 4721 3518 4781 habes
3565 4717 3733 4782 Gott
3779 4721 4031 4782 walten
4084 4722 4329 4782 lassen.
4403 4720 4518 4782 An

1952 4861 2501 4942 experimentum
2538 4859 2843 4940 quaeritis
2877 4860 3040 4939 ejuS,
3088 4860 3203 4939 qui
3236 4859 3302 4920 in
3337 4878 3445 4919 me
3478 4858 3795 4939 loquitur.
3861 4857 3950 4920 Et
3984 4870 4087 4920 est
4119 4857 4513 4919 timendum.

1952 4997 2146 5074 (Gott
2173 4998 2349 5058 lasse
2372 4997 2552 5058 mich
2572 4997 2642 5078 ja
2666 4996 2892 5078 liegen
2925 4995 3194 5072 Amen).
3258 4991 3460 5073 Quod
3491 4993 3699 5073 paulo
3732 5005 3907 5073 post,
3941 4993 4077 5055 imo
4103 4995 4240 5075 jam
4278 4992 4412 5064 fiat,
4448 5007 4520 5056 ut

1952 5140 2081 5199 sub
2127 5147 2473 5218 praetextu
2524 5136 2907 5218 Euangelii,
2972 5137 3059 5194 do
3120 5154 3272 5195 man
3323 5134 3498 5194 auch
3547 5135 3699 5194 dem
3754 5131 3970 5211 Bapst
4026 5151 4135 5192 am
4185 5133 4516 5193 hochsten

1951 5286 2177 5357 sampt
2242 5272 2494 5356 pfaffen
2563 5275 2701 5335 und
2762 5271 3108 5333 Monchen
3167 5271 3429 5341 schildt,
3499 5269 3683 5350 eytel
3733 5270 4051 5330 doctores
4098 5267 4272 5350 legis
4318 5287 4505 5349 seyn,

1951 5415 2110 5474 dass
2158 5415 2245 5475 ist
2292 5413 2631 5494 Papisten.
2726 5410 2843 5471 Ich
2893 5410 3071 5469 habe
3120 5428 3192 5468 es
3241 5406 3528 5469 Ursach.
