5400 6759
2750 627 2903 685 VIII

968 939 1362 997 Rostochium
1402 949 1461 996 et
1496 938 2033 1014 Gryphiswaldiam
2070 938 2409 1013 frequentes
2442 938 2621 995 etiam
2653 937 3052 1006 celebrabant,
3081 937 3524 1014 Heidelbergae
3553 948 3754 996 autem
3787 957 3938 1007 rar0,
3969 938 4282 1014 Tubingae
4313 956 4661 1014 numquam,

966 1069 1035 1117 ut
1079 1061 1325 1129 videtur,
1372 1060 1913 1116 commorabantur.
2006 1059 2147 1116 Erat
2192 1076 2337 1115 sane
2384 1058 2591 1136 regalis
2637 1068 2842 1116 nostra
2886 1059 3102 1115 domus
3151 1060 3424 1134 proxima
3457 1061 3814 1134 cognatione
3845 1077 3980 1116 cum
4011 1059 4216 1116 illustri
4259 1058 4660 1115 Palatinorum

969 1179 1187 1237 familia
1249 1181 1583 1256 conjuncta.
1674 1179 1945 1236 Duxerat
2006 1180 2165 1235 enim
2213 1176 2285 1252 (a.
2342 1177 2523 1254 1407)
2565 1178 2892 1255 Johannes,
2941 1179 3189 1255 Ruperti
3236 1180 3610 1255 imperatoris
3657 1180 3806 1236 filius
3852 1187 4050 1237 aetate
4095 1180 4304 1247 minor,
4352 1180 4413 1234 in
4459 1180 4660 1236 matri·
5375 1197 5396 1240 4

968 1302 1235 1357 monium
1281 1300 1683 1368 Catharinam,
1732 1300 1887 1356 Erici
1954 1300 2104 1374 regis
2172 1317 2455 1367 sororem,
2517 1301 2898 1374 eandemque
2945 1299 3361 1375 Christophori
3409 1301 3573 1374 regiS,
3622 1301 3722 1376 qui
3768 1301 4061 1357 avunculo
4108 1308 4318 1374 postea
4365 1303 4659 1366 successit,
5387 1267 5398 1382 l

968 1429 1218 1477 matrem
1252 1418 1311 1494 ¹),
1379 1421 1593 1496 quibus
1660 1429 1863 1477 tamen
1930 1421 2150 1495 nuptiis
2220 1438 2342 1476 non
2403 1419 2624 1476 factum
2683 1428 2788 1487 est,
2850 1429 2914 1476 ut
2970 1421 3081 1496 ipsi
3128 1421 3333 1496 populi
3380 1422 3534 1478 inter
3578 1439 3642 1477 se
3689 1422 3932 1496 propius
3976 1421 4349 1478 accesserint.
4443 1420 4660 1495 Neque
5388 1391 5392 1456 l

968 1560 1109 1598 vero
1161 1542 1291 1616 plus
1339 1560 1553 1617 magna
1599 1542 1695 1599 illa
1740 1542 2004 1608 concilia,
2052 1559 2208 1617 quae
2254 1542 2467 1598 iisdem
2513 1541 2635 1597 fere
2682 1542 3052 1614 temporibus
3098 1542 3157 1596 in
3207 1542 3449 1598 urbibus
3495 1542 3658 1615 apud
3707 1540 3986 1598 Rhenum
4031 1542 4154 1598 sitis
4187 1541 4659 1609 celebrabantur,
5386 1491 5390 1572 l

966 1662 1284 1718 contulisse
1331 1662 1622 1730 videntur,
1672 1671 1735 1718 ut
1780 1662 1906 1718 illas
1954 1664 2225 1737 regiones
2272 1661 2641 1737 frequentius
2687 1662 2947 1718 viserent
2993 1671 3304 1719 nostrates

1378 1798 1640 1855 Unicum
1686 1807 1887 1855 tamen
1936 1799 2088 1855 inter
2141 1798 2508 1873 professores
2561 1797 3107 1875 Heidelbergenses
3158 1800 3370 1856 horum
3415 1809 3753 1875 temporum
3799 1800 4130 1856 invenimus
4171 1802 4358 1857 virum
4397 1800 4660 1868 Danum,

958 1919 1256 1996 Joannem
1284 1918 1522 1976 Petrum
1550 1918 2065 1994 Malmogiensem,
2114 1920 2216 1994 qui
2250 1937 2434 1994 quum
2476 1922 2756 1993 magister
2801 1938 2851 1976 a.
2887 1936 2956 1991 14
2967 1935 3041 1993 53
3088 1919 3556 1996 Heidelbergam
3601 1922 3875 1987 venisset,
3920 1938 3970 1977 a.
4006 1934 4161 1993 1455
4210 1921 4270 1976 in
4317 1920 4660 1977 facultatem

965 2040 1315 2106 artistarum,
1363 2056 1514 2114 quos
1552 2049 1674 2095 tum
1713 2040 2024 2106 vocabant,
2071 2048 2343 2114 receptus
2387 2057 2508 2114 per,
2555 2058 2775 2097 novem
2821 2058 3014 2097 annos
3061 2041 3283 2096 ibidem
3331 2040 3536 2096 docuit
3582 2047 3640 2096 et
3685 2058 3735 2097 a.
3771 2037 3927 2110 1464
3977 2040 4037 2095 in
4086 2039 4272 2114 vigilia
4297 2039 4660 2115 S.Johannis

964 2161 1258 2235 baptistae
1304 2160 1569 2216 decanus
1617 2158 1908 2216 facultatis
1954 2168 2187 2215 creatus
2234 2168 2338 2226 est,
2387 2177 2509 2233 quo
2558 2168 2758 2217 tamen
2807 2179 3056 2217 munere
3103 2160 3354 2234 fungens
3395 2161 3516 2235 jam
3566 2160 3663 2216 die
3709 2159 3844 2216 XV.
3880 2159 4012 2215 Kal.
4043 2159 4202 2234 Sept.
4237 2131 4504 2216 mortuus
4555 2169 4658 2215 est.

964 2278 1317 2354 Complures
1362 2280 1472 2335 sub
1519 2296 1593 2335 eo
1639 2279 2188 2336 determinaverunt
2233 2280 2445 2336 artium
2496 2281 2756 2354 magistri
2782 2275 2839 2356 ²).

1375 2416 1578 2489 Quum
1647 2417 1819 2490 igitur
1886 2417 2125 2474 saeculo
2180 2415 2296 2472 XV
2365 2435 2697 2492 perpaucos
2762 2437 2834 2474 ex
2899 2419 3114 2473 nostris
3180 2418 3344 2474 terris
3411 2418 3712 2473 studiosos
3761 2416 4284 2493 Heidelbergensis
4352 2416 4656 2473 matricula

964 2537 1198 2605 habeat,
1245 2555 1352 2611 per
1397 2537 1684 2612 majorem
1725 2537 1943 2594 saeculi
1969 2536 2121 2593 XVI
2167 2545 2399 2612 partem
2445 2538 2667 2594 ibidem
2715 2538 2908 2594 nullos
2941 2537 3275 2593 invenimus
3308 2537 3639 2612 populares.
3711 2536 3854 2594 Erat
3886 2539 4065 2594 etiam
4099 2556 4205 2612 per
4230 2537 4390 2594 haud
4415 2539 4656 2593 brevem
4713 2551 4722 2558 ·

965 2673 1260 2712 annorum
1312 2656 1524 2713 seriem
1573 2655 1851 2713 Palatinis
1904 2675 2038 2713 cum
2091 2658 2311 2713 nostris
2360 2658 2551 2732 regnis
2596 2658 2644 2714 si
2690 2676 2812 2715 non
2860 2666 3133 2732 apertum
3182 2658 3415 2724 bellum,
3462 2658 3540 2713 ita
3588 2666 3788 2714 tamen
3823 2675 4040 2748 ‘graves
4084 2658 4440 2714 inimicitiae.
4532 2655 4656 2712 Fri-

964 2778 1195 2834 dericus
1263 2778 1422 2834 enim
1493 2777 1572 2842 ΙΙ,
1634 2777 1934 2834 Palatinus
2004 2797 2205 2835 comes
2276 2797 2347 2834 ac
2413 2779 2677 2853 denique
2745 2779 2980 2844 elector,
3061 2796 3244 2852 quum
3307 2796 3509 2835 secum
3578 2778 3958 2834 matrimonio
4026 2777 4416 2842 Dorotheam,
4485 2776 4657 2833 Chri·

962 2897 1164 2954 stierni
1232 2898 1476 2953 secundi
1544 2899 1695 2971 regis
1757 2898 1952 2964 filiam,
2001 2897 2199 2955 Caroli
2246 2916 2387 2954 vero
2434 2898 2808 2973 imperatoris
2853 2909 3097 2972 neptem
3136 2900 3442 2975 junxisset,
3490 2916 3736 2973 operam
3783 2898 3886 2954 diu
3930 2899 4185 2965 navavit,
4233 2907 4296 2953 ut
4341 2915 4656 2971 regnorum
5377 2901 5382 2944 Ι

964 3018 1153 3073 soceri
1198 3019 1503 3092 potiretur.

1371 3154 1554 3211 Sexto
1601 3163 1802 3210 autem
1849 3155 2085 3210 decimo
2131 3155 2370 3211 saeculo
2416 3157 2495 3212 ad
2528 3157 2708 3212 finem
2742 3164 3022 3230 vergente
3070 3156 3545 3213 florentissimam
3595 3164 3718 3212 tum
3767 3157 4052 3230 temporis
4097 3155 4468 3211 academiam
4495 3154 4652 3210 Dani
5377 3149 5384 3210 l

953 3276 1076 3350 jam
1122 3275 1374 3349 saepius,
1423 3274 1684 3348 Norvegi
1730 3274 2023 3349 Suecique
2067 3292 2529 3348 nonnumquam
2574 3276 2838 3342 adibant,
2907 3277 3062 3333 inter
3106 3294 3257 3351 quos
3304 3285 3506 3333 tamen
3553 3284 3802 3350 apparet
3846 3275 4172 3350 permultos
4218 3274 4396 3330 fuisse
4441 3274 4646 3330 adole·
5330 3319 5380 3404 Ἴ

960 3403 1193 3452 scentes
1256 3395 1347 3452 vel
1418 3396 1597 3451 etiam
1665 3412 1882 3469 pueros
1947 3394 2177 3451 nobiles
2246 3396 2440 3452 minus
2510 3396 2809 3453 interdum
2869 3396 3194 3452 litterarum
3251 3397 3458 3453 studiis
3525 3396 3762 3452 deditos
3830 3414 4012 3470 quam
4079 3395 4483 3452 amoenissimi
4540 3393 4650 3449 loci

961 3515 1186 3572 deliciis
1252 3515 1629 3590 indulgentes
1659 3509 1719 3590 ³).
1811 3514 2022 3571 Effecit
2075 3533 2221 3572 sane
2281 3515 2575 3590 religionis
2632 3516 2958 3584 diversitaS,
3012 3524 3077 3572 ut
3121 3516 3384 3591 theologi
3429 3525 3723 3573 nostrates
3770 3517 4262 3582 universitatibus,
4311 3533 4468 3589 quae
4514 3513 4651 3571 Cal-

960 3636 1235 3692 vinianae
1302 3644 1471 3692 erant
1537 3634 1944 3702 confessioniS‚
1992 3634 2364 3692 Lutheranas
2434 3635 2816 3709 praeferrent,
2879 3655 3062 3711 quum
3119 3637 3480 3710 praesertim,
3539 3645 3770 3692 remoto
3826 3638 3901 3692 ab
3972 3635 4310 3694 Hauniensi
4368 3634 4654 3728 cathedr'a

958 3753 1174 3831 (1570)
1220 3754 1476 3812 Nicolao
1526 3754 1929 3830 Hemmingio,
1978 3757 2037 3811 in
2094 3774 2213 3824 e05‚
2263 3757 2362 3831 qui
2410 3755 2773 3814 Calvinianis
2819 3756 3103 3813 doctrinis
3151 3755 3445 3824 favebant,
3494 3756 3654 3813 Dani
3699 3757 3958 3813 severius
4004 3774 4458 3830 nonnumquam
4507 3773 4651 3811 con·

958 3875 1234 3932 sulerent.
1324 3874 1460 3941 Sed,
1508 3874 1616 3931 etsi
1655 3875 1778 3950 jam
1827 3874 2077 3933 Geneva
2130 3885 2189 3933 et
2236 3876 2483 3944 Basilea‚
2531 3895 2679 3952 quas
2726 3885 2902 3933 antea
2951 3876 3486 3950 freqventaverant,
3533 3877 3915 3962 abstinebant
3961 3875 4137 3942 Dani,
4187 3874 4651 3949 Heidelbergam

957 4003 1159 4053 tamen
1205 3995 1403 4052 adhuc
1449 3995 1769 4052 veniebant
1815 3994 1974 4052 Dani
2021 3996 2297 4073 theologi,
2363 4006 2421 4053 et
2474 3998 2644 4054 annis
2690 3997 3038 4072 praesertim
3087 3995 3504 4052 1610—1620
3543 3996 3704 4053 haud
3759 4015 3892 4053 raro
3938 3998 4226 4053 accidisse
4273 3996 4518 4063 videtur,
4591 4005 4654 4051 ut

956 4117 1179 4173 ibidem
1226 4116 1405 4172 etiam
1451 4116 1672 4171 tirones
1718 4133 1943 4172 cornua
1989 4116 2365 4190 deponerent
2395 4115 2455 4192 ⁴).

1367 4251 1462 4308 De
1529 4269 1691 4308 anno
1759 4252 2158 4309 funestissimo
2236 4252 2389 4309 1622
2463 4272 2588 4309 non
2647 4253 2843 4309 multis
2890 4252 3082 4308 verbis
3131 4251 3273 4306 mihi
3321 4268 3472 4325 opus
3519 4261 3621 4308 est.
3734 4251 4041 4321 Thesauri,
4091 4252 4304 4327 quibus
4349 4252 4650 4325 gaudebat

960 4370 1379 4446 Heidelberga,
1448 4371 1715 4446 dissipati
1782 4381 1934 4436 sunt,
2004 4371 2363 4428 bibliotheca
2427 4373 3008 4447 magnificentissima
3079 4370 3345 4428 Palatina
3419 4370 3672 4429 Romam
3738 4373 3996 4429 abducta
4061 4381 4164 4439 est,
4226 4373 4648 4444 elanguescens

950 4493 1218 4567 denique
1263 4493 1629 4558 universitas,
1661 4492 1803 4548 inde
1848 4493 1925 4548 ab
1971 4510 2132 4549 anno
2178 4492 2339 4566 1630
2393 4511 2582 4568 usque
2628 4494 2704 4551 ad
2753 4510 2975 4550 annum
3034 4489 3186 4563 1652
3239 4492 3417 4565 plane
3463 4492 3748 4549 desolata.
3838 4492 4420 4566 Septemtrionalium
4470 4492 4646 4548 etiam

955 4630 1271 4687 regnorum
1335 4612 1595 4669 historici
1650 4613 1861 4670 harum
1916 4621 2336 4688 tempestatum
2383 4615 2786 4671 recordantur.
2878 4612 3133 4669 Latuere
3181 4621 3307 4669 tum
3355 4611 3796 4687 Heidelbergae
3843 4613 3965 4668 duo
4013 4611 4318 4678 tabularia,
4368 4612 4648 4667 historiae

952 4740 1196 4788 nostrae
1261 4734 1720 4808 pernecessaria,
1766 4734 2085 4791 Christiani
2154 4734 2374 4790 scilicet
2439 4734 2687 4791 secundi
2747 4734 2897 4808 regis
2952 4731 3208 4800 et·Olai,
3284 4733 3384 4807 qui
3431 4731 3911 4807 archiepiscopus
3960 4732 4364 4789 Nidrosiensis
4410 4721 4660 4787 ultimus'

956 4852 1015 4908 in
1079 4852 1256 4909 exilio
1302 4851 1541 4927 Belgico
1610 4865 1877 4909 mortuus
1941 4861 2031 4909 est
2089 4873 2141 4910 a.
2208 4852 2382 4927 1538.
2475 4852 2661 4910 Hisce
2730 4855 2888 4910 enim
2942 4855 3195 4911 archivis
3253 4853 3586 4911 Fridericus
3635 4853 3694 4909 11
3745 4852 4046 4909 Palatinus
4092 4853 4314 4909 elector
4359 4853 4647 4927 superiori

952 4971 1193 5028 saeculo
1223 4972 1445 5046 potitus
1489 4981 1628 5028 erat.
1720 4970 1884 5028 Inter
1928 4972 2185 5039 bellicos,
2241 4991 2392 5047 quos
2437 4973 2617 5047 attigi,
2664 4975 2963 5038 tumultus,
3012 4975 3072 5030 in
3120 4974 3432 5031 Bavariam
3480 4973 3718 5030 archiva
3765 4972 3858 5029 illa
3907 4973 4249 5047 migravere,
4298 4973 4460 5028 unde
4506 4983 4646 5028 ante

962 5156 1183 5165 ————-
1226 5161 1509 5166 —-.—-...—.--
1592 5161 1689 5166 „-..—
1712 5161 1774 5167 -

1082 5278 1124 5338 ¹)
1162 5277 1279 5340 Quo
1314 5277 1377 5324 de
1414 5276 1731 5325 matrimonio
1769 5276 2012 5341 quaedam
2050 5285 2194 5324 antea
2231 5276 2404 5340 scripsi
2442 5278 2635 5336 (Norsk
2670 5276 2785 5325 hist.
2825 5277 3027 5326 Tidskr.
3067 5294 3160 5326 ser.
3203 5291 3245 5334 2,
3284 5279 3338 5326 II
3378 5295 3425 5342 p.
3467 5285 3599 5340 232).

1080 5363 1125 5424 ²)
1164 5361 1298 5410 Vide
1334 5377 1462 5425 opus
1500 5361 1712 5410 Gustavi
1748 5361 1972 5426 Toepke,
2012 5363 2149 5425 quod
2186 5361 2313 5409 infra
2347 5362 2592 5420 citabitur,
2630 5364 2719 5422 (ΙΙ,
2758 5380 2868 5428 pag.
2907 5367 3212 5426 395—401).

1079 5446 1123 5509 ³)
1160 5447 1312 5495 Multi
1348 5448 1511 5502 etiam,
1562 5447 1648 5511 qui
1698 5447 1749 5495 in
1785 5447 1900 5496 albo
1938 5447 2289 5496 Universitatis
2325 5447 2521 5496 nobiles
2558 5463 2659 5496 nou
2696 5450 2878 5498 diserte
2916 5457 3165 5504 vocantur,
3205 5457 3370 5495 tamen
3407 5448 3630 5511 ejusdem
3669 5455 3806 5496 erant
3843 5447 4033 5496 ordinis
4071 5464 4138 5496 sc.
4171 5447 4510 5509 Dresselberg,
4535 5447 4642 5493 Ro·

1160 5542 1429 5588 sencrantz‚
1486 5534 1863 5590 Brockenhuus,
1920 5534 2141 5592 Schram,
2199 5535 2450 5598 Quitzow,
2508 5533 2748 5592 Pasclich,
2801 5535 3078 5590 Lindenov,
3134 5535 3329 5597 Sparre,
3378 5532 3526 5597 Friis,
3564 5533 3751 5590 Ulseld,
3791 5534 4033 5588 Marsvin,
4073 5533 4473 5597 Gyldenstjerna,
4505 5532 4642 5596 Juul,
4687 5526 4697 5539 '

1160 5622 1301 5678 Rud,
1342 5621 1521 5679 Munk,
1562 5622 1745 5681 Holch‚
1785 5621 2043 5678 Sem-stem
2083 5622 2235 5680 Bildt,
2278 5620 2467 5679 Bielke,
2504 5629 2616 5670 cett.

1077 5707 1123 5770 ⁴)
1161 5707 1264 5756 Csr.
1301 5708 1719 5757 accuratissimum
1758 5725 1886 5772 opus
1926 5708 2134 5771 Holgeri
2174 5708 2421 5764 Rordam,
2478 5707 2566 5754 viri
2620 5707 2671 5755 in
2721 5707 2950 5756 ecclesiae
2986 5706 3350 5768 doctorumque
3388 5704 3605 5752 virorum
3645 5703 3848 5752 historia
3884 5705 4018 5768 apud
4056 5705 4230 5751 Danos
4270 5704 4637 5768 Norvagosque

1156 5794 1294 5842 facile
1331 5794 1591 5859 principis:
1666 5795 2038 5859 Kjobenhavns
2076 5793 2409 5842 Universitets
2450 5793 2674 5842 Historie
2713 5793 2783 5840 ΙΙ.
2822 5809 2869 5856 p.
2913 5804 3025 5853 293.
3064 5792 3160 5841 ΙΙΙ.
3197 5807 3246 5854 p.
3287 5803 3400 5852 439.
