5400 6759
1364 765 1471 814 cap.
1512 761 1593 811 24.

1382 839 1445 896 (v.
1490 833 1584 892 16).

1363 1209 1468 1258 cap.
1509 1193 1589 1241 28.

1361 1809 1467 1858 cap.
1507 1792 1587 1857 56.

1220 1881 1348 1944 (cap.
1388 1890 1448 1943 57
1488 1896 1535 1926 v.
1582 1884 1743 1944 1—2).

1359 2273 1464 2321 cap.
1504 2256 1585 2320 65.

1171 3150 1222 3197 in
1261 3149 1427 3198 medio
1464 3149 1643 3213 prioris
1678 3166 1763 3215 pa·

1380 3235 1541 3298 ginae.

1164 4210 1219 4258 in
1238 4210 1337 4259 fine
1358 4211 1535 4277 prioris
1554 4211 1777 4277 paginae.

2794 446 2837 507 8

2071 749 2427 815 Secreturn
2480 774 2704 817 meum
2757 756 2979 830 michi,
3028 769 3368 819 secretum
3417 779 3644 820 meum
3695 760 3914 821 michi.

2067 1195 2312 1258 VVarte
2360 1217 2547 1268 auSS,
2614 1209 2828 1259 warte
2875 1220 3058 1272 auSS‚
3125 1213 3282 1283 sagt
3333 1201 3744 1283 Eyssleben‚
3810 1207 3898 1266 du
3947 1206 4136 1267 wirst
4182 1208 4466 1269 Wunder

1895 1334 2172 1394 sehenn.

2068 1777 2346 1841 Lutheri
2394 1780 2772 1861 prophecia
2817 1786 2902 1844 de
2949 1782 3223 1845 interitu
3275 1783 3656 1846 Germanic.

2064 2243 2241 2308 Sunt
2310 2246 2489 2307 enim
2560 2246 2969 2327 prophetiae
3035 2246 3261 2307 variae
3331 2266 3679 2308 sermones
3744 2268 3883 2308 non
3949 2269 4085 2310 uno
4149 2260 4459 2329 ternpore

1891 2383 2067 2444 editi.
2160 2382 2272 2445 Sic
2318 2405 2443 2444 nos
2488 2384 2552 2445 in
2602 2385 2857 2446 nostris
2907 2383 3347 2445 concionibus
3393 2384 3525 2444 iarn
3574 2382 3796 2454 fidem,
3845 2385 3978 2446 iam
4031 2386 4452 2456 charitatem,

1889 2519 2019 2580 iam
2070 2520 2383 2581 ultimum
2434 2519 2681 2582 Christi
2730 2523 3103 2583 adventum
3154 2523 3502 2583 docemus,

2624 3019 2852 3067 Vorrede
2891 3020 3013 3067 iiber
3049 3021 3145 3067 den
3185 3019 3474 3082 Propheten
3507 3019 3738 3081 Jeremia.

2060 3139 2163 3200 Ita
2209 3138 2275 3200 in
2324 3159 2478 3200 meo
2527 3159 2706 3210 casn,
2757 3159 2911 3201 cum
2962 3143 3090 3202 sub
3137 3160 3389 3202 annum
3451 3161 3602 3218 1537
3654 3140 4018 3222 tyrannide
4066 3150 4135 3201 et
4181 3143 4456 3202 menda-

1886 3275 2003 3337 ciis
2050 3276 2259 3337 vellet
2306 3297 2413 3338 me
2462 3276 2844 3357 opprimere
2893 3277 3253 3350 LutherUS,
3301 3279 3403 3340 vir
3448 3278 3593 3348 Dei,
3669 3280 3992 3340 seductus
4055 3300 4095 3340 a
4152 3279 4321 3342 Iona
4386 3290 4456 3341 et

1886 3416 2032 3478 aliis
2078 3416 2239 3478 viris
2286 3415 2520 3486 Belial,
2568 3416 2742 3477 dixit
2789 3417 2878 3477 ad
2924 3436 3035 3478 me
3082 3418 3321 3478 semel:
3393 3417 3655 3499 Lagus:
3721 3417 3837 3478 Ihr
3893 3426 4153 3479 mt'isset
4197 3417 4457 3479 widder

1886 3574 1963 3614 so
2029 3554 2211 3615 hoch
2276 3555 2569 3615 erhohet
2614 3555 2912 3624 werden,
2972 3555 3110 3615 alsz
3171 3553 3288 3614 Ihr
3345 3554 3464 3614 itzt
3520 3554 3862 3635 gedrfickt
3919 3555 4195 3616 werdet.
4299 3553 4452 3615 Hoc

1885 3692 2098 3752 verbo
2146 3703 2471 3772 tanquam
2528 3713 2568 3752 a
2613 3691 2762 3752 celo
2811 3690 3018 3752 misso
3066 3692 3515 3752 vehementer
3561 3711 3710 3752 sum
3759 3689 4224 3752 confirmatus,

2058 4189 2154 4252 So
2205 4188 2372 4250 wird
2420 4208 2493 4249 es
2541 4209 2668 4249 uns
2704 4189 2877 4249 auch
2921 4190 3145 4271 gehen
3193 4209 3368 4266 1534.
3461 4187 3603 4249 Der
3629 4187 4002 4270 Landgrav
4035 4197 4149 4249 tzu
4177 4187 4448 4249 Hessen

1886 4327 2009 4387 hat
2054 4345 2189 4407 nye
2236 4325 2491 4406 volgen
2539 4324 2804 4394 wollen,
2853 4325 3146 4384 sondern
3196 4325 3491 4406 allwege
3555 4336 3754 4386 extra
3813 4336 4046 4386 nostra
4115 4326 4452 4407 colloqvia

1885 4474 2091 4542 atque
2141 4461 2422 4523 consilia
2470 4482 2622 4522 new
2680 4459 2961 4522 foedera
3016 4460 3310 4541 gesucht
3367 4461 3504 4541 bey
3562 4461 3693 4521 den
3757 4459 4248 4542 Schweytzern
4311 4463 4448 4523 und

1884 4603 2140 4662 andern
2187 4598 2360 4663 κατά
2408 4596 2844 4682 ἄλλεκτριόνα
2889 4604 3000 4661 καῖ
3027 4596 3141 4659 τὶν
3181 4590 3452 4675 ἄγγελον
3485 4603 3595 4659 καῖ
3635 4594 3967 4662 δεσπόταν
4013 4597 4267 4661 Δανῶν.
4334 4598 4446 4675 Jo-

1884 4743 2183 4802 hannem
2232 4759 2464 4800 senem
2513 4758 2647 4799 non
2697 4738 2939 4800 hahuit
2986 4737 3559 4806 consencientem‚
3618 4738 3741 4798 sed
3782 4736 4167 4816 Johannem
4217 4735 4447 4797 Fride-

1881 4876 2091 4937 ricum
2142 4876 2394 4948 allexit,
2443 4878 2615 4938 adeo
2664 4886 2740 4938 ut
2774 4876 2976 4937 etiam
3025 4876 3089 4936 in
3137 4876 3410 4958 signum
3445 4873 3741 4936 foederis
3773 4875 4094 4935 tollerent
4126 4872 4446 4935 elevatio-

1880 5033 2056 5075 nem.
2148 5013 2209 5076 O
2258 5016 2505 5086 secula,
2553 5034 2593 5074 o
2641 5033 2885 5075 mores,
2934 5013 3240 5074 Caveant
3287 5012 3510 5094 igitur.
3560 5031 3710 5091 cap.
3764 5032 3794 5072 2
3847 5011 4297 5072 Threnorum.

2065 5155 2237 5230 1546.
2343 5147 2603 5211 Omnes
2661 5150 2996 5230 prophete
3053 5148 3368 5211 Saxonici
3437 5146 4030 5220 confirmaverunt,
4092 5149 4348 5210 bellurn
4405 5168 4445 5208 a

1880 5288 2275 5354 saxonibus
2323 5298 2587 5349 motum
2629 5289 2812 5369 juste
2850 5297 3244 5365 susceptum
3295 5303 3463 5354 esse,
3514 5296 3582 5345 et
3628 5282 3754 5345 fuit
3801 5283 4076 5365 spiritus
4109 5282 4442 5346 mendacii

1878 5430 1942 5491 in
1991 5448 2108 5489 ore
2155 5426 2454 5488 omnium
2504 5427 3009 5507 prophetarum.
