5400 6759
1206 1123 1331 1170 Post
1350 1121 1635 1170 vaticinium
1662 1122 1818 1170 Mala-

1239 1207 1390 1264 chiae,
1429 1207 1514 1255 sol.
1554 1209 1686 1256 LIX
1725 1208 1774 1256 b.

1235 4198 1367 4245 »Das
1404 4198 1571 4245 Newe
1608 4198 1780 4245 Testa·

1416 4289 1597 4331 menn«

1196 4389 1332 4444 (ante
1344 4387 1487 4433 Evan
1492 4402 1537 4448 g.
1553 4384 1812 4448 StMath.)

2554 851 2659 912 De
2747 850 3131 913 Germania.

2591 987 2681 1048 M.
2715 987 2797 1048 D.
2831 987 3086 1048 XLVI.

2100 1123 2450 1185 Succensa
2495 1135 2613 1194 cst,
2662 1125 2996 1206 bullitque
3044 1125 3173 1195 diu,
3223 1124 3604 1192 Germania,
3655 1125 3920 1187 Nollem

2186 1260 2346 1340 Ipsa
2392 1259 2521 1320 sibi
2568 1257 2688 1321 fiat
2740 1258 2898 1322 Olla
2944 1259 3256 1342 Caroque
3303 1261 3521 1323 simul.

2102 1398 2241 1458 Das
2288 1399 2623 1459 deutsche
2671 1398 2865 1459 landt
2912 1398 2997 1459 ist
3044 1400 3467 1479 angetzundt

2185 1536 2298 1595 An
2350 1532 2525 1605 Seel‚
2575 1554 2661 1595 an
2709 1534 2871 1615 leyb
2919 1532 3124 1595 auffm
3175 1535 3326 1596 todt
3373 1540 3736 1599 verwundt

2103 1674 2215 1732 An
2263 1682 2492 1754 guete‚
2541 1659 2627 1732 an
2676 1672 2857 1743 chre,
2906 1692 2988 1732 an
3039 1672 3216 1743 land,
3265 1692 3350 1733 an
3401 1674 3660 1735 leutten

2184 1808 2421 1869 Durch
2467 1808 2683 1890 krieg,
2736 1811 2947 1880 mord,
2996 1810 3201 1880 bluet,
3250 1812 3466 1871 durch
3514 1812 3777 1873 steelen
3827 1813 3962 1873 und
4009 1814 4290 1874 beutten

2104 1946 2233 2007 Ess
2279 1947 2368 2007 ist
2413 1944 2631 2027 Topff,
2680 1944 2959 2026 fleysch,
3009 1964 3160 2006 zum
3208 1943 3379 2006 fewr
3426 1957 3693 2029 gesetzt

2186 2085 2448 2146 Drumb
2498 2085 2735 2147 wirdst
2782 2084 2873 2144 all
2919 2083 3148 2166 gleich
3195 2087 3626 2147 vei-brennen
3675 2097 3784 2147 ztu
3831 2088 4108 2150 letztt.⁴‘l

3417 2377 3718 2456 Joannes
3789 2378 4122 2461 Agricola

3481 2516 3752 2577 Isleben
3801 2515 4057 2579 Senior.

3177 2806 3529 2888 Exposcio
3577 2808 3733 2870 loci:
3783 2809 3838 2869 si
3886 2809 3987 2868 vis
4036 2810 4122 2869 ad
4171 2809 4376 2871 vitam

3224 2944 3533 3027 Ingredi:
3597 2966 3798 3007 serva
3843 2947 4168 3009 mandata
4214 2947 4337 3008 dei.

3455 3085 3531 3146 In
3581 3084 3803 3146 Amos
3851 3104 3883 3160 5
3934 3103 4079 3165 cap.

2093 4177 2375 4240 Mortuo
2444 4180 2747 4241 Luthero
2828 4180 2875 4241 Ι.
2944 4180 3169 4260 coepit
3239 4180 3491 4242 sedicio
3574 4201 3697 4262 per
3758 4181 3997 4259 Joann.
4067 4180 4483 4241 Fridericum

1920 4315 2309 4378 Electorem
2359 4328 2429 4378 et
2474 4317 2988 4399 Landgravium
3055 4317 3301 4379 Hassie
3350 4318 3739 4398 Philippum
3790 4317 3942 4379 cum
3992 4318 4334 4398 plerisque
4380 4338 4487 4378 ur-

1920 4454 2119 4515 bibus
2164 4454 2632 4536 imperialibus
2691 4464 2932 4515 contra
2978 4452 3295 4514 Carolum
3355 4451 3436 4511 V.
3487 4451 3972 4532 Imperatorem
4023 4462 4487 4533 cognomento

1924 4590 2323 4653 Maximum.
2414 4591 2497 4653 ΙΙ.
2588 4590 2881 4673 Spiritus
2929 4589 3269 4651 Mendacii
3315 4588 3441 4651 fuit
3486 4589 3551 4650 in
3600 4609 3715 4650 ore
3764 4588 4064 4650 omnium
4117 4590 4486 4670 propheta-

1922 4749 2071 4789 rum
2137 4728 2315 4790 illius
2366 4740 2561 4800 terre,
2631 4749 2874 4791 ornnes
2922 4729 3098 4790 enim
3150 4728 3627 4808 approbabant
3673 4724 4102 4796 sedicionem,
4163 4724 4483 4786 dicendo:

1923 4861 2091 4925 Gott
2152 4865 2388 4926 wurde
2455 4865 2612 4927 inen
2669 4866 2881 4948 glfick
2942 4867 3185 4947 geben,
3246 4863 3360 4927 Sie
3420 4864 3640 4925 solten
3704 4882 3831 4922 nur
3888 4862 4261 4934 hinsiehen,
4325 4860 4485 4942 quia

1921 5014 2105 5065 esset
2151 5001 2456 5064 defensio
2518 5002 2858 5085 legittima
2912 5022 3034 5083 pro
3093 5001 3494 5084 Euangelio,
3541 5020 3667 5081 pro
3729 4997 3962 5060 Gloria
4008 4998 4287 5060 Domini
4335 5020 4479 5061 sus-

1921 5150 2136 5221 cepta,
2228 5140 2476 5221 quibus
2536 5138 3137 5202 cohortacionibus
3196 5136 3585 5206 effecerunt,
3664 5147 3739 5197 ut
3807 5156 4057 5197 nomen
4119 5136 4394 5199 Domini
4441 5159 4480 5199 a

1921 5278 2370 5358 popularibus
2420 5278 2595 5339 male
2642 5278 2922 5338 audiret.
3013 5276 3246 5337 VVenn
3304 5278 3426 5337 der
3485 5272 3843 5336 Churfurst
3903 5274 4234 5336 verlieren
4293 5276 4482 5345 solte,

2022 5517 2073 5576 Μ·)
2148 5514 2259 5563 vide
2297 5530 2449 5578 supra
2488 5531 2596 5577 pag.
2639 5527 2716 5561 22.
