5400 6759
2519 549 2639 606 XV

1119 1354 1446 1430 Reputanti
1511 1372 1692 1429 porro
1761 1354 1922 1423 mihi,
1991 1355 2303 1429 quomodo
2370 1354 2519 1411 meis
2565 1356 2781 1430 opibus
2828 1355 3056 1412 donum
3117 1373 3546 1430 compararem,
3607 1363 3729 1412 tam
3776 1355 4048 1412 sollemni
4094 1357 4416 1414 occasione

704 1476 869 1533 haud
917 1476 1098 1551 plane
1144 1476 1470 1550 indignum,
1517 1474 1707 1531 visum
1755 1482 1859 1542 est,
1906 1482 1971 1530 ut
2014 1475 2468 1550 programmatis
2514 1476 2649 1532 loco
2692 1477 2936 1534 ederem
2968 1474 3302 1549 symbolam
3336 1475 3641 1549 quandam
3674 1475 3752 1531 ad
3785 1474 4090 1532 historiam
4125 1476 4413 1533 reforma-

704 1597 882 1653 tionis
929 1587 1295 1653 Germaniae
1362 1594 1762 1668 pertinentem
1831 1595 2211 1670 eandemque
2279 1595 2471 1652 doctis
2534 1594 2670 1652 viris
2730 1596 3040 1670 hucusque
3098 1595 3478 1671 incognitam,
3535 1612 3716 1669 quam
3763 1602 3829 1650 ut
3873 1595 4416 1670 deprehenderem,

705 1715 849 1772 mihi
895 1724 1036 1773 ante
1081 1714 1309 1789 aliquot
1356 1731 1548 1770 annos
1596 1714 1747 1771 felici
1792 1731 1935 1771 casu
1980 1716 2322 1789 contigerat.

1116 1834 1353 1891 Accidit
1398 1834 1558 1890 enim
1605 1852 1655 1891 a.
1713 1832 1889 1907 1877,
1915 1841 1981 1890 ut
2025 1833 2085 1889 in
2131 1834 2495 1891 bibliotheca
2539 1842 2745 1892 nostra
2789 1835 3153 1904 academica,
3201 1837 3296 1892 cui
3341 1836 3468 1910 ipse
3515 1835 3655 1892 olim
3701 1835 3947 1910 praefui,
3981 1837 4170 1894 varias
4203 1856 4413 1896 sacrae

705 1957 1032 2031 scripturae
1091 1955 1385 2013 editiones
1450 1955 1832 2029 perlustrans,
1897 1953 2203 2028 exemplar
2263 1955 2574 2029 quoddam
2621 1954 3002 2012 Lutheranae
3049 1956 3336 2013 versionis
3386 1956 3729 2023 invenirem,
3779 1956 4269 2015 adnotationibus
4315 1977 4409 2016 re-

707 2075 938 2144 fertum,
985 2075 1201 2150 partim
1240 2073 1470 2144 Latina,
1518 2075 1733 2149 partim
1766 2072 2131 2131 Germanica
2175 2074 2370 2149 lingva
2414 2076 2781 2150 conscriptiS‚
2829 2093 2987 2150 quae
3032 2077 3298 2132 animum
3344 2093 3546 2132 meum
3593 2076 3980 2133 vehementer
4010 2079 4412 2147 attenderent,

674 2214 951 2254 necesse
1005 2182 1145 2254 erat.
1239 2195 1557 2271 Extemplo
1612 2197 1772 2254 enim
1820 2196 1939 2253 vidi
1984 2195 2166 2253 hasce
2212 2196 2635 2252 adnotationes
2684 2213 2718 2252 e
2763 2195 2995 2251 calamo
3041 2195 3341 2269 scriptoris
3387 2196 3698 2271 cujusdam
3744 2195 3997 2264 fluxisse,
4044 2215 4168 2254 non
4214 2198 4410 2258 solum

704 2316 968 2374 Luthero
1035 2317 1317 2392 aequaliS,
1373 2317 1481 2373 sed
1540 2318 1642 2391 qui
1701 2316 1881 2373 etiam
1939 2334 2075 2373 cum
2122 2316 2537 2391 augustissimo
2582 2315 2710 2370 viro
2755 2323 3022 2372 versatus
3069 2315 3196 2389 ipse
3243 2314 3462 2383 fuisset,
3510 2325 3570 2372 et
3614 2317 3777 2373 brevi
3825 2315 4102 2384 intellexi,
4148 2317 4407 2375 adnota-

704 2445 895 2494 torem
942 2437 1122 2495 fuisse
1160 2437 1461 2514 Joannem
1508 2437 1846 2512 Agricolam
1893 2434 2300 2504 Islebiensem,
2348 2437 2537 2492 virum
2584 2443 2857 2510 tempore
2904 2435 3342 2493 reformationis
3387 2436 3780 2492 notissimum.
3873 2434 4034 2492 Nam
4082 2445 4142 2493 et
4179 2455 4410 2496 nomen

704 2557 762 2613 in
832 2556 981 2614 libro
1043 2557 1330 2632 seriptum
1397 2565 1502 2624 est,
1571 2565 1632 2614 et
1684 2556 1901 2625 omnia,
1960 2575 2117 2632 quae
2170 2558 2249 2614 de
2304 2574 2369 2613 se
2414 2557 2541 2630 ipse
2587 2556 2911 2612 adnotator
2957 2556 3230 2623 narravit,
3278 2573 3349 2612 ea
3394 2574 3530 2612 cum
3577 2555 3890 2630 Agricolae
3936 2556 4180 2614 historia
4224 2567 4411 2633 atque

702 2677 822 2733 vita
867 2693 1108 2750 prorsus
1154 2677 1534 2734 conveniunt.
1638 2675 1903 2759 Mirabar
1964 2677 2201 2745 scilicet,
2249 2677 2414 2751 quod
2461 2677 2522 2732 in
2569 2674 2934 2750 Norvegiam
2982 2684 3229 2733 venerat
3273 2676 3441 2733 hicce
3487 2675 3635 2733 liber
3681 2675 4085 2751 AgricolanUS,
4131 2678 4239 2734 sed
4286 2677 4412 2735 fata

703 2796 975 2872 ejusdem
1019 2798 1292 2854 nondum
1338 2797 1616 2872 persequi
1662 2797 1819 2854 valui
1864 2806 1924 2853 et
1967 2814 2047 2853 ne
2093 2797 2377 2871 indagare
2422 2795 2668 2870 quidem
2714 2794 2891 2861 licuit,
2938 2813 3059 2870 quo
3106 2795 3375 2853 donante
3416 2795 3785 2853 bibliotheca
3815 2796 4029 2853 librum
4060 2797 4402 2872 accepisset.

706 2915 846 2973 Hoc
916 2924 1148 2973 tantum
1215 2924 1463 2985 constat,
1531 2917 1694 2992 apud
1762 2934 1873 2974 nos
1940 2918 2152 2974 librum
2212 2917 2294 2974 ita
2347 2933 2588 2991 prorsus
2647 2915 2966 2982 delituisse,
3026 2923 3090 2972 ut
3148 2934 3227 2973 ne
3253 2901 3436 2973 ⁸unus
3497 2915 3744 2991 quidem
3798 2924 3901 2973 aut
3944 2900 4260 2974 historicus
4303 2926 4412 2974 aut

704 3037 1030 3113 theologuS,
1078 3055 1283 3095 eorum
1333 3038 1434 3113 qui
1481 3046 1605 3094 tum
1653 3038 1900 3112 quidem
1948 3038 2228 3104 viverent,
2274 3052 2561 3110 umquam
2607 3036 3031 3094 adnotationes
3078 3035 3392 3111 Agricolae
3437 3037 3827 3094 observasset.

1114 3157 1286 3215 Brevi
1353 3165 1492 3233 post
1554 3157 1769 3232 (pridie
1815 3157 1975 3215 Non.
2024 3157 2165 3231 Apr.
2223 3155 2404 3230 1879)
2460 3157 2521 3212 in
2581 3155 2930 3212 societatem
2976 3154 3357 3211 scientiarum
3402 3162 3608 3211 nostra
3654 3153 3835 3211 biblia
3878 3154 4193 3229 Agricolae
4238 3154 4408 3211 attuli

702 3286 761 3335 et
791 3278 871 3335 de
900 3278 1391 3336 adnotationibus
1421 3279 1507 3346 iis,
1555 3294 1712 3352 quae
1743 3278 2006 3335 historici
2038 3277 2370 3352 argumenti
2401 3284 2554 3344 sunt,
2601 3275 2859 3332 breviter
2905 3275 3134 3331 locutus
3179 3292 3311 3331 sum
3333 3271 3388 3347 ¹).
3435 3275 3543 3331 sed
3589 3275 3834 3331 easdem
3879 3275 3940 3331 in
3987 3275 4178 3332 lucem
4226 3277 4410 3333 edere

701 3399 780 3456 de
848 3416 1009 3456 anno
1073 3401 1135 3455 in
1192 3416 1419 3455 annum
1465 3398 1665 3454 distuli
1712 3415 1836 3454 non
1881 3398 2011 3454 sine
2048 3397 2208 3472 justa
2254 3397 2388 3464 mei,
2436 3397 2497 3453 id
2544 3396 2711 3471 quod
2758 3395 3066 3463 confiteor,
3113 3367 3443 3452 amicorum
3491 3395 3873 3468 quorundam
3919 3394 4404 3469 reprehensione.

704 3518 856 3575 Mihi
902 3527 1103 3576 autem
1151 3518 1331 3575 hasce
1377 3517 1689 3592 Agricolae
1737 3516 2015 3591 reliquias
2052 3516 2178 3592 jam
2224 3534 2385 3572 nunc
2431 3515 2695 3591 denique
2742 3517 2977 3573 edituro
3025 3534 3148 3572 non
3193 3515 3380 3572 multa
3426 3532 3578 3589 opus
3625 3523 3716 3572 est
3761 3515 3976 3572 dicere.

1114 3638 1436 3713 Exemplar
1480 3645 1751 3695 nostrum
1797 3636 2177 3693 Lutheranae
2224 3636 2541 3693 bibliorum
2571 3635 2860 3693 versionis
2906 3653 3030 3692 non
3063 3642 3249 3691 totam
3282 3642 3551 3690 sanctam
3582 3629 3937 3707 scripturam
3971 3635 4402 3709 complectitur.

703 3759 989 3816 Continet
1057 3767 1289 3816 tantum
1336 3757 1683 3833 Prophetas,
1744 3756 1924 3814 libros
1977 3756 2375 3831 apocryphos,
2423 3757 2522 3830 qui
2570 3764 2876 3824 vocantur,
2924 3754 3166 3812 Novum
3214 3753 3691 3820 Testamentum,
3738 3770 3897 3827 quae
3942 3754 4146 3811 omnia
4190 3753 4406 3813 Witte-

700 3883 918 3955 bergae
960 3881 1115 3955 typis
1155 3881 1492 3937 excudebat
1530 3897 1581 3936 a.
1617 3893 1774 3951 1534
1803 3877 2113 3954 Johannes
2139 3875 2383 3933 Lustius.
2477 3876 2548 3932 In
2580 3894 2653 3933 ea
2684 3884 2854 3950 parte
2886 3876 3033 3942 libri,
3080 3892 3201 3949 qua
3225 3873 3653 3948 prophetarum
3695 3872 3969 3930 vaticinia
4003 3874 4403 3944 continentur,

700 4000 978 4057 omnibus
1024 3999 1151 4057 fere
1192 3999 1419 4075 paginis
1466 4000 1709 4074 vestigia
1754 3997 1965 4055 calami
2012 3997 2351 4072 Agricolani
2399 3997 2691 4064 videntur,
2753 3997 2812 4052 in
2859 3994 3218 4070 apocryphis
3265 3994 3423 4051 libris
3469 4011 3620 4062 raro,
3680 3993 3742 4049 in
3789 3993 3968 4050 Novo
4007 3993 4403 4052 Testamento

699 4121 950 4194 saepius.
1042 4119 1309 4177 Maxima
1376 4120 1538 4177 haud
1604 4119 1787 4176 dubie
1844 4120 2304 4176 adnotationum
2349 4136 2485 4192 pars
2531 4118 2697 4193 parvi
2743 4116 3118 4174 aestimanda
3164 4115 3424 4189 ideoque
3471 4113 3567 4170 hic
3613 4113 3834 4170 omissa
3890 4122 3995 4182 est,
4061 4133 4134 4172 ea
4179 4123 4402 4184 autem,

700 4258 856 4315 quae
922 4249 1024 4297 aut
1090 4240 1350 4297 historici
1417 4248 1555 4297 sunt
1608 4240 1955 4315 argumenti,
2024 4247 2127 4295 aut
2194 4239 2409 4313 quibus
2470 4240 2774 4314 ingenium
2833 4255 3153 4312 moresque
3204 4237 3462 4293 auctoris
3508 4236 3965 4310 quodammodo
4020 4238 4400 4305 illustrantur,

700 4360 989 4435 descripsi
1057 4371 1239 4436 atque
1298 4362 1463 4434 prelo
1510 4359 1885 4436 subjicienda
1927 4359 2143 4426 curavi,
2202 4377 2278 4416 eo
2323 4359 2552 4428 ordine,
2599 4377 2722 4435 quo
2769 4363 2829 4417 in
2877 4362 3150 4419 versione
3196 4360 3442 4417 Lutheri
3487 4359 3705 4434 scripta
3750 4369 3904 4429 sunt,
3952 4361 4400 4436 diligentissime

696 4489 947 4538 servat0.
1038 4480 1345 4552 Quantum
1395 4481 1519 4538 fieri
1564 4481 1773 4555 potuit,
1820 4481 1999 4537 etiam
2046 4479 2226 4549 locOS‚
2273 4480 2350 4536 ad
2389 4498 2541 4555 quos
2573 4482 2980 4539 confessiones
3012 4482 3135 4538 sive
3175 4479 3687 4555 apophthegmata
3713 4480 4025 4555 Agricolae
4058 4481 4398 4556 respiciunt,

697 4603 970 4670 indicavi,
1018 4603 1144 4677 ipse
1191 4603 1350 4659 enim
1396 4619 1616 4668 versu5‚
1664 4599 1879 4675 quibus
1923 4608 2098 4656 notas
2143 4616 2281 4656 suas
2328 4600 2560 4675 adjecit,
2608 4601 2778 4658 lineis
2809 4603 3013 4659 subter
3043 4601 3292 4659 eosdem
3325 4601 3517 4657 ductis
3560 4601 3891 4676 significare
3935 4599 4181 4657 solebat.
4275 4600 4398 4657 Ubi

698 4731 897 4779 autem
967 4721 1390 4778 adnotationes
1456 4737 1591 4776 cum
1661 4727 1824 4775 textu
1884 4719 2104 4776 biblico
2162 4719 2357 4776 minus
2404 4738 2714 4779 connexae
2762 4740 2893 4779 esse
2938 4723 3310 4790 videbantur,
3366 4721 3624 4778 indicavi
3670 4729 3919 4788 tantum,
3979 4739 4100 4796 quo
4145 4721 4206 4776 in
4253 4719 4399 4778 folio

700 4840 1079 4899 Lutheranae
1126 4840 1411 4898 versionis
1458 4839 1735 4915 Agricola
1781 4839 2247 4913 apophtegmata
2292 4857 2400 4897 sua
2444 4841 2757 4915 scripserit.

1108 4958 1273 5016 Nota
1339 4967 1478 5016 sunt
1545 4959 1725 5014 verba
1771 4956 2045 5014 Lutheri:
2135 4957 2195 5015 Si
2262 4960 2404 5016 velis
2464 4961 2629 5030 scire,
2700 4963 2991 5037 quidnam
3037 4963 3166 5038 ipsa
3210 4963 3441 5020 vanitas
3487 4962 3576 5029 sit,
3633 4962 3798 5018 nulla
3842 4962 4095 5018 certiore
4139 4960 4399 5036 imagine

696 5097 1038 5156 cognosceS,
1106 5097 1287 5154 quam
1355 5078 1569 5135 Islebii.
1660 5078 1779 5135 Sed
1847 5078 1925 5135 de
1992 5079 2492 5147 contentionibus,
2561 5099 2718 5155 quae
2765 5080 2860 5157 Jo.
2910 5080 3224 5157 Agricolae
3269 5098 3406 5137 cum
3452 5079 3939 5137 reformatoribus
3985 5082 4393 5147 intercessere,

694 5219 820 5259 non
865 5217 1084 5266 meum,
1141 5205 1351 5273 utpote
1396 5198 1457 5254 in
1513 5197 1811 5273 theologia
1865 5198 2139 5273 hospitis,
2194 5207 2283 5255 est
2330 5199 2601 5274 judicare
2628 5196 2692 5276 2).
2786 5201 2981 5258 Etiam
3028 5201 3104 5258 ab
3149 5200 3442 5258 historicis
3487 5200 3977 5257 adnotationibus
4022 5200 4288 5274 prudens
4335 5208 4399 5257 et

822 5541 861 5601 ¹)
900 5539 1060 5589 Vide:
1099 5538 1498 5603 Forhandlinger
1533 5539 1548 5588 i
1586 5538 2163 5589 Videnskabsselskabet
2197 5538 2214 5586 i
2253 5539 2556 5588 Christiania
2598 5539 2742 5600 1879.
2782 5555 2830 5602 p.
2869 5553 2917 5601 4.

819 5625 863 5686 ³)
902 5626 1016 5689 Qua
1051 5625 1115 5673 de
1152 5641 1203 5673 re
1239 5624 1482 5672 habemus
1519 5624 1666 5673 etiam
1702 5625 1887 5672 librum
1924 5631 2095 5672 nostra
2129 5624 2299 5688 lingua
2335 5624 2575 5689 scriptum
2613 5625 2946 5688 eundemque,
2986 5624 3075 5688 qui
3111 5631 3249 5673 extra
3276 5624 3453 5673 Arctoi
3491 5624 3627 5673 orbis
3665 5623 3793 5673 fines
3830 5625 4135 5682 observetur,
4167 5624 4391 5688 dignum,

899 5721 1097 5760 auctore
1144 5713 1227 5775 J0.
1266 5711 1499 5769 Clausen,
1538 5710 1830 5760 Arusiensis
1883 5710 1935 5758 in
1971 5709 2136 5759 Dania
2188 5711 2444 5759 dioceseos
2497 5710 2735 5774 episcopo
2785 5725 2982 5758 summe
3019 5711 3328 5759 venerando:
3401 5713 3510 5759 Lov
3548 5727 3612 5774 og
3649 5710 3978 5773 Evangelium
4018 5709 4032 5757 i
4071 5709 4297 5759 Forhold
4336 5709 4393 5758 til

901 5797 1707 5862 Christendoms-Forkyndelsen,
1744 5795 2025 5845 forbandlet
2064 5796 2262 5846 mellem
2302 5795 2747 5845 Reformatoreme
2783 5795 2798 5843 i
2837 5796 3161 5858 wittenberg
3196 5812 3261 5860 og
3295 5796 3530 5860 Agricola
3565 5796 3638 5846 fra
3675 5797 3930 5845 Eisleben.
4003 5798 4194 5856 (Haun.
4228 5795 4392 5857 1872).
