5400 6759
990 802 1093 849 aut
1167 801 1367 850 tamen
1413 793 1735 851 Catholicis
1797 813 2028 851 morem
2097 796 2471 870 aliquatenus
2532 797 2798 872 gessisse.
2906 797 3102 858 Etiam
3175 803 3232 859 in
3280 803 3487 861 Svecia
3536 806 3682 862 tales
3727 807 4076 864 increbuere
4121 827 4406 878 rumoreS,
4453 829 4593 868 nam
4642 831 4693 869 a.

999 912 1156 987 1548
1205 912 1507 971 Gustavus
1553 932 1655 971 rex
1701 916 1934 972 curiose
1979 925 2369 990 percontatus
2416 925 2520 985 est,
2567 936 2730 985 num,
2778 921 3296 993 quemadmodum
3345 924 3662 994 ferebatur,
3709 927 4104 1002 episcopatus,
4150 938 4291 986 ante
4335 929 4460 986 XII
4500 948 4694 988 annos

989 1034 1258 1100 abolitus,
1306 1035 1365 1090 in
1413 1033 1613 1091 Dania
1650 1034 1774 1109 jam
1822 1036 2230 1093 restitueretur
2257 1036 2318 1107 ¹).
2409 1036 2686 1094 Fortasse
2733 1039 2912 1095 etiam
2959 1040 3114 1096 inter
3160 1041 3323 1115 regni
3370 1059 3649 1116 proceres
3682 1052 3878 1100 aetate
3904 1045 4028 1120 jam
4060 1047 4462 1120 provectiores
4493 1050 4694 1106 adhuc

989 1153 1169 1222 fuere,
1216 1154 1337 1228 qui,
1384 1163 1450 1210 ut
1495 1161 1663 1212 vetus
1709 1154 1769 1211 in
1818 1155 2072 1212 ecelesia
2117 1174 2312 1213 rerum
2359 1157 2511 1213 ordo
2559 1165 3003 1227 restauraretur,
3050 1169 3338 1235 cuperent
3362 1156 3425 1234 ²).
3516 1162 3669 1219 Satis
3716 1163 3876 1220 enim
3925 1173 4162 1223 constat
4207 1176 4479 1224 senatum
4527 1171 4692 1244 regni

988 1291 1150 1330 anno
1205 1273 1363 1346 1536
1411 1293 1535 1331 non
1582 1275 1693 1331 nisi
1738 1276 1795 1330 vi
1843 1284 2117 1332 coactum
2165 1278 2554 1345 consensisse,
2602 1286 2666 1334 ut
2713 1279 3151 1354 extingveretur
3197 1280 3633 1355 episcoporum,
3682 1285 3783 1357 qui
3825 1292 3884 1340 et
3916 1284 4027 1357 ipsi
4061 1292 4186 1340 tum
4219 1303 4428 1342 omnes
4458 1287 4693 1344 nobiles

989 1401 1171 1458 erant,
1239 1402 1521 1468 potestas»,
1585 1403 1643 1451 et
1701 1396 1918 1452 scimus
1942 1383 2220 1471 'quoque
2266 1415 2316 1453 a.
2374 1395 2531 1470 1538
2593 1398 2885 1455 nobilitati
2933 1400 3360 1456 ardentissimis
3408 1402 3464 1457 in
3513 1403 3665 1459 votis
3713 1404 3908 1471 fuisse,
3956 1412 4021 1459 ut
4065 1404 4378 1462 cathedras
4426 1407 4692 1482 episcopi

989 1522 1426 1588 recuperarent.
1534 1513 1712 1590 Regis
1759 1514 2012 1572 fortasse
2056 1516 2392 1572 constantia
2439 1516 2848 1593 fidissimoque
2895 1519 3193 1593 religionis
3239 1539 3445 1577 amore
3492 1521 3714 1579 factum
3761 1532 3864 1591 est,
3899 1532 3962 1580 ut
3994 1524 4374 1582 Lutheranae
4406 1526 4693 1584 ecclesiae

988 1638 1206 1694 inimici
1274 1638 1333 1693 in
1380 1636 1579 1694 Dania
1646 1636 1790 1693 nihil
1859 1637 2141 1694 valerent.
2231 1636 2350 1694 Sed
2418 1637 2629 1694 harum
2697 1657 2894 1695 rerum
2964 1638 3209 1696 historia
3272 1658 3483 1715 parum
3555 1643 3790 1716 cognita
3855 1653 3944 1700 est
3997 1653 4075 1712 et,
4122 1664 4307 1720 quum
4353 1646 4475 1702 veri
4521 1649 4694 1721 quasi

989 1758 1272 1814 deficiant
1316 1757 1528 1825 sontes,
1577 1757 1884 1813 obscurior
1930 1775 2171 1832 semper
2215 1757 2482 1814 manebit
2510 1753 2569 1829 ³).

1399 1877 1541 1934 Non
1611 1878 1783 1952 igitur
1837 1877 2147 1951 probabile
2216 1878 2447 1934 videtur
2491 1877 2790 1936 Saxoniae
2858 1878 3170 1956 theologos
3238 1883 3522 1958 aliosque,
3591 1885 3692 1958 qui
3738 1903 3874 1941 cum
3923 1884 4238 1942 Ernestina
4285 1885 4508 1943 familia
4554 1904 4692 1944 sen·

989 1998 1180 2064 tirent,
1249 1996 1363 2054 hoc
1423 2008 1694 2072 tempore
1741 1997 2002 2055 Daniam
2050 2000 2441 2072 potissimum,
2489 2017 2611 2074 quo
2657 1999 3063 2075 confugerent,
3111 2002 3372 2075 elegisse.
3467 2001 3704 2059 Desunt
3749 2004 3928 2060 etiam
3976 2005 4224 2061 omnino
4272 2006 4330 2061 in
4378 2005 4692 2063 Danorum

988 2117 1232 2174 historia
1278 2117 1571 2193 ejusmodi
1618 2118 2069 2192 immigrationis
2114 2119 2372 2193 vestigia.

1400 2735 1494 2792 De
1541 2736 1814 2811 Agricola
1882 2754 2067 2811 quum
2128 2736 2250 2811 jam
2321 2736 2661 2809 scripserint
2729 2736 2891 2792 haud
2952 2738 3032 2793 ita
3078 2739 3266 2811 pauci,
3330 2739 3704 2795 desideratur
3749 2739 3948 2796 adhuc
3993 2741 4302 2815 peculiaris
4349 2742 4687 2798 dissertatio

988 2856 1312 2930 perfectam
1380 2856 1696 2930 imaginem
1767 2855 2056 2913 exhibens
2125 2857 2245 2924 viri,
2313 2858 2359 2912 si
2429 2858 2674 2914 minime
2744 2857 2991 2912 omnino
3060 2857 3360 2926 laudandi,
3430 2859 3512 2915 ita
3569 2859 3778 2915 saltem
3841 2859 4036 2916 multis
4082 2862 4224 2918 locis
4271 2863 4685 2919 memorabilis.

990 2975 1345 3032 Uberiorem
1414 2974 1719 3031 historiam
1768 2974 2082 3049 Agricolae
2151 2984 2473 3033 contexere
2536 2976 2788 3034 volentis
2836 2995 2869 3032 e
2915 2994 2979 3032 re
3041 2976 3284 3033 forsitan
3334 2978 3548 3034 suerint
3594 2975 3729 3036 illae
3777 2980 3974 3054 ipsiuS,
4021 2998 4176 3054 quae
4214 2982 4338 3056 Jam
4386 2982 4446 3037 in
4493 2982 4683 3039 lucem

986 3098 1303 3170 prodeunt,
1350 3094 1770 3151 confessiones

1390 3216 1523 3292 Jam
1593 3216 1855 3290 denique
1920 3216 2035 3272 hoc
2080 3235 2116 3272 a
2163 3217 2344 3272 docto
2402 3216 2621 3273 lectore
2680 3225 2839 3292 pem,
2902 3227 2966 3273 ut
3020 3219 3195 3292 aequi
3242 3218 3506 3292 bonique
3554 3218 3871 3274 consulens
3918 3219 4243 3276 editionem
4291 3239 4487 3278 meam
4536 3241 4684 3297 qua-

985 3339 1342 3411 lemcunque
1387 3335 1651 3410 accipiat.

1395 3507 1513 3564 Scr.
1561 3506 1955 3564 Christianiae
2002 3526 2052 3563 a.
2100 3508 2155 3563 d.
2203 3507 2373 3563 VIII.
2424 3506 2555 3563 Kal.
2604 3507 2842 3579 Quinct.
2891 3508 3480 3567 MDCCCLXXXV
3487 3509 3531 3565 Ι.

1191 3830 1325 3880 nicht
1360 3831 1523 3894 wenig
1558 3831 1804 3894 gelegen».
1877 3831 2061 3877 Postea
2098 3830 2210 3878 XV
2250 3829 2372 3878 Kal.
2404 3831 2539 3878 Nov.
2576 3831 2688 3879 eod.
2727 3845 2874 3886 anno,
2913 3831 3033 3878 dum
3069 3831 3434 3892 Norimbergae
3471 3839 3708 3889 versatur,
3746 3833 3872 3880 inter
3908 3832 4002 3880 alia
4038 3833 4100 3879 ad
4137 3848 4301 3894 regem
4341 3832 4506 3880 scribit
4542 3831 4674 3880 idem

1191 3918 1493 3967 Suavenius:
1568 3918 1682 3966 »Ich
1720 3917 1915 3966 schicke
1952 3917 1994 3965 Ι.
2036 3918 2143 3964 Κό.
2183 3919 2278 3964 Mt.
2316 3917 2408 3965 ock
2446 3916 2540 3981 hyr
2577 3916 2885 3965 beneuensth
2923 3916 3069 3964 einen
3107 3916 3402 3979 Pasquillin,
3442 3917 3649 3966 darinne
3687 3919 3728 3966 Ι.
3751 3920 3825 3966 Κ.
3850 3919 3923 3966 M.
3961 3917 4085 3966 auch
4121 3918 4344 3980 gedacht,
4383 3917 4510 3966 doch
4541 3917 4678 3966 nicht

1191 4004 1281 4052 mit
1317 4005 1462 4052 deme
1498 4005 1687 4062 besten,
1729 4003 1924 4052 wiewol
1961 4001 2065 4050 nhu
2102 4002 2236 4051 ahnn
2274 4002 2467 4051 solches
2504 4002 2686 4051 schrift
2723 4002 2824 4051 alse
2860 4017 2922 4050 an
2960 4001 3122 4051 einem
3161 4002 3354 4050 famoso
3390 4002 3560 4050 libello
3595 4002 3757 4051 nichts
3793 4004 4074 4066 gelegenn».

1115 4092 1154 4152 ¹)
1193 4091 1328 4138 Vide
1364 4097 1552 4152 regesta
1587 4088 1769 4138 archivi
1809 4089 1961 4150 Regii
1999 4089 2201 4137 Svecici.

1110 4177 1155 4236 2)
1192 4175 1327 4224 Vide
1380 4174 1640 4239 epistolam
1680 4173 1879 4236 Georgii
1920 4172 2288 4236 Klingenbeck,
2337 4173 2537 4221 natione
2592 4174 2803 4222 Borussi
2857 4176 2944 4224 sed
2999 4183 3104 4224 tum
3161 4175 3250 4223 viri
3295 4176 3348 4224 in
3392 4177 3504 4225 aula
3539 4177 3730 4226 Danica
3767 4177 3980 4225 multum
4018 4177 4307 4225 auctoritate
4343 4177 4577 4241 potentis,
4615 4177 4678 4224 ad

1190 4262 1458 4310 Albertum
1513 4261 1688 4309 ducem
1746 4259 2011 4307 Borussiae
2065 4259 2191 4314 data,
2246 4259 2297 4305 in
2360 4258 2707 4308 dissertatione
2755 4260 3146 4323 elegantissima,
3213 4278 3362 4325 quam
3418 4262 3480 4310 de
3537 4262 3842 4326 &Volsgango
3890 4262 4167 4311 Utenhofio
4216 4263 4411 4326 scripsit
4464 4264 4556 4310 Dr.
4609 4265 4675 4310 A.

1195 4347 1365 4404 Heise,
1420 4345 1617 4393 scholae
1672 4343 2057 4393 Roschildensis
2109 4342 2297 4406 collega
2350 4344 2589 4407 superior,
2644 4346 2839 4404 (Dansk
2877 4345 3116 4396 historisk
3165 4347 3452 4404 Tidsskrist,
3502 4363 3594 4396 ser.
3634 4363 3679 4410 4,
3721 4349 3815 4404 VI,
3855 4364 3948 4412 pag
3988 4352 4120 4410 295).
4158 4350 4412 4409 Esgonem
4454 4347 4676 4395 Bildium

1192 4449 1341 4497 quem
1398 4447 1547 4495 supra
1598 4430 1869 4486 nominavi,
1927 4438 2089 4477 narrat
2142 4431 2320 4477 Petrus
2360 4430 2628 4486 Palladius,
2681 4446 2872 4495 *neque
2926 4432 3063 4480 facile
3118 4448 3281 4496 neque
3328 4432 3492 4480 statim
3540 4432 3828 4495 religionem
3867 4439 4130 4480 mutassem
4203 4433 4486 4480 »Tandema
4523 4432 4677 4488 addit,

1194 4534 1320 4567 ’non
1374 4518 1467 4565 suit
1521 4516 1657 4565 verbi
1711 4515 1868 4563 divini
1921 4524 2245 4579 persecutorv.
2329 4516 2433 4579 (Ny
2495 4515 2754 4564 kirkehist.
2802 4517 2975 4566 Samll.
3028 4520 3066 4574 Ι,
3115 4536 3163 4582 p.
3211 4517 3346 4579 686).
3432 4518 3490 4565 In
3538 4517 3769 4566 chronico
3819 4517 4182 4566 Ratisbonensi
4230 4517 4480 4566 Leonardi
4527 4518 4678 4565 wid-

1192 4604 1361 4653 manni
1414 4602 1723 4664 (Chroniken
1776 4603 1864 4650 der
1919 4601 2192 4650 deutschen
2246 4601 2420 4650 Stfidte
2476 4601 2570 4651 vol.
2624 4603 2754 4660 XV,
2793 4619 2842 4668 p.
2889 4609 2999 4668 175)
3037 4604 3274 4668 legimus:
3356 4617 3406 4651 »ι
3420 4616 3532 4667 541,
3576 4617 3636 4651 22
3675 4604 3841 4668 Apn'l.
3916 4605 4040 4653 Dise
4076 4604 4239 4653 Stund
4275 4603 4390 4652 kam
4427 4603 4553 4652 auch
4590 4603 4714 4651 des*

1192 4690 1398 4753 Kiinigs
1435 4687 1702 4753 potschafft
1739 4703 1837 4735 von
1875 4688 2198 4744 Denmarckt,
2237 4686 2448 4735 trefflich
2485 4687 2587 4735 und
2624 4689 2826 4746 ehrlich,
2866 4691 2953 4739 der
2990 4690 3120 4738 alten
3159 4690 3381 4753 religion,
3419 4681 3713 4753 gotserchfig
3750 4706 3879 4746 men,
3909 4690 4012 4748 her,
4051 4689 4216 4738 helten
4251 4689 4303 4737 in
4341 4689 4408 4753 dy
4436 4701 4504 4751 40
4533 4688 4676 4754 pferd

1190 4777 1239 4824 in
1294 4781 1475 4837 griiner
1523 4775 1671 4822 farb».
1745 4774 1901 4822 Erant
1956 4772 2005 4821 hi
2057 4773 2203 4837 legati
2258 4774 2489 4822 Andreas
2536 4774 2695 4832 Bilde,
2745 4776 2922 4824 Ericus
2966 4777 3186 4832 Krabbe,
3233 4777 3412 4824 Petrus
3453 4777 3629 4834 Svave,
3670 4777 3919 4841 Casparus
3957 4775 4138 4832 Fuchs,
4179 4776 4307 4824 inter
4343 4788 4473 4839 quos
4510 4783 4678 4824 tamen

1192 4878 1345 4911 unum
1386 4862 1554 4918 modo,
1593 4876 1674 4908 me
1706 4860 1887 4924 judice,
1928 4860 2150 4908 Bildium
2191 4859 2386 4916 scilicet,
2426 4859 2520 4907 hoc
2556 4869 2781 4924 tempore
2818 4861 3084 4910 catholicae
3122 4860 3345 4923 religioni
3385 4860 3578 4918 favisse,
3617 4862 3885 4911 verisimile
3921 4869 4010 4910 est.

1110 4949 1153 5007 ³)
1192 4950 1328 4997 Inter
1380 4947 1581 4995 annales
1637 4947 1898 4995 Danorum
1954 4946 2099 4994 etiam
2155 4953 2287 4993 extat
2326 4945 2626 5002 Chronicon,
2675 4947 2814 5009 quod
2854 4947 3196 4995 Roskildense
3250 4955 3441 5002 vocant,
3499 4944 3688 5010 (lingua
3732 4947 3988 4994 vernacula
4035 4945 4295 5010 scriptum)
4330 4946 4471 5010 cujus
4507 4953 4677 4994 auctor

1190 5034 1423 5083 laetitiam
1480 5048 1635 5090 snam,
1690 5033 1812 5081 dum
1852 5032 2251 5080 Lutheranorum
2306 5032 2494 5081 cladem
2550 5040 2728 5088 narrat,
2777 5032 2981 5080 minime
3017 5032 3310 5080 dissimulat.
3385 5034 3738 5090 (Monumenta
3774 5031 3966 5080 Daniae
4005 5030 4271 5088 Historica,
4309 5033 4388 5080 ed.
4427 5033 4498 5080 H.
4541 5033 4676 5080 Ror-

1190 5121 1304 5167 dam
1343 5120 1385 5167 Ι.
1424 5135 1473 5183 p.
1512 5119 1645 5181 380).
