5400 6759
2137 1732 2681 1837 Ludovicus
2755 1735 3030 1835 Daae

2240 1927 2499 1999 lectori
2555 1925 2926 1998 benevolo

2535 2093 2623 2166 S.

1140 2551 1247 2608 Est
1290 2551 1441 2608 haec
1485 2559 1991 2626 programmutum
2038 2550 2422 2625 scriptoribus
2459 2550 2629 2623 quasi
2660 2549 3055 2615 consuetudO,
3090 2555 3155 2604 ut
3186 2556 3473 2605 excusent
3501 2549 3787 2622 temporis
3811 2550 4130 2624 angustias.
4221 2547 4431 2630 Quam

727 2679 929 2728 autem
998 2672 1077 2727 ad
1144 2671 1600 2728 benevolentiae
1666 2671 2069 2745 captationem
2139 2669 2283 2726 mihi
2348 2668 2610 2736 forsitan,
2666 2669 2716 2724 si
2771 2670 3067 2743 cuiquam,
3108 2669 3242 2744 jure
3288 2668 3609 2743 confugere
3654 2669 3896 2738 licuerit,
3945 2670 4168 2746 quippe
4212 2674 4304 2728 cui
4351 2675 4432 2730 acl

726 2790 915 2848 hocce
983 2791 1334 2866 opusculum
1390 2791 1832 2848 conficiendum
1891 2807 1968 2846 ne
2024 2790 2255 2846 dimidii
2300 2789 2545 2863 quidem
2600 2788 2824 2845 mensis
2890 2790 3148 2863 spatium
3218 2806 3571 2845 concessum
3639 2788 3827 2846 fuerit.
3920 2789 4212 2848 Postridie
4269 2793 4429 2849 enirn

727 2911 873 2969 Idus
911 2911 1118 2989 Junias
1172 2913 1259 2967 vir
1302 2912 1657 2969 clarissimus
1704 2911 2037 2969 Fridericus
2062 2910 2305 2978 Brandt‚
2353 2909 2986 2986 jurisconsultuS,„hoc
3030 2926 3193 2966 anno
3239 2908 3484 2966 rectoris
3530 2910 3694 2984 apud
3727 2927 3839 2966 nos
3885 2928 4134 2968 munere
4181 2912 4436 2987 iungens

728 3043 789 3088 et
854 3050 995 3088 mox
1060 3032 1306 3089 nomine
1354 3031 1769 3089 Universitatis
1818 3031 2284 3105 Heidelbergam
2340 3030 2727 3105 profecturuS‚
2773 3047 2810 3086 a
2855 3047 2952 3085 me
3011 3029 3194 3104 petiit,
3254 3036 3319 3085 ut
3364 3029 3724 3086 adomarem
3782 3031 4075 3106 ejusmodi
4133 3032 4430 3100 tabellam,

727 3169 909 3227 quam
971 3151 1146 3226 vulgo
1213 3158 1431 3208 vocant
1496 3151 1772 3218 votivam,
1835 3151 2131 3207 sincerum
2197 3168 2467 3207 amorem
2525 3151 2918 3224 animumque
2975 3149 3372 3224 gratissimum
3428 3150 3894 3217 testificaturam‚
3953 3168 4075 3226 quo
4121 3160 4182 3209 et
4224 3161 4430 3210 nostra

726 3272 1054 3340 academia,
1112 3279 1349 3329 remota
1404 3270 1540 3327 licet
1596 3278 1656 3327 et
1713 3288 1837 3327 non
1890 3278 2086 3326 aetate
2142 3278 2375 3327 tantum
2433 3270 2690 3338 inferior,
2746 3270 3027 3345 inclytam
3080 3269 3663 3345 Ruperto-Carolam
3713 3272 4093 3346 prosequitur
4137 3291 4430 3332 sororem.

727 3391 839 3449 Cui
890 3409 1073 3465 quum
1122 3392 1414 3466 rogationi
1459 3386 1948 3464 praestantissimi
1997 3390 2261 3465 collegae
2307 3391 2561 3448 libenter
2604 3391 2952 3459 adnuerem,
2998 3390 3156 3465 cupii
3202 3398 3406 3448 tamen
3456 3391 3696 3466 optimis
3729 3391 4146 3450 Universitatis
4187 3402 4430 3452 nostrae

726 3511 878 3567 votis
917 3512 1237 3567 literarium
1279 3518 1458 3567 et1am
1489 3510 1906 3585 qualecunque
1936 3511 2355 3567 munusculum
2390 3512 2664 3587 adjicere.
2741 3510 2860 3569 Sed
2895 3529 3047 3586 opus
3079 3511 3189 3567 suit
3222 3519 3534 3568 maturato.
3614 3511 3949 3569 Statueram
3995 3513 4171 3581 enim,
4203 3523 4268 3570 ut
4309 3515 4428 3572 hoc

726 3632 858 3706 ipso
896 3632 1020 3707 jam
1067 3649 1274 3687 mense
1319 3647 1564 3705 peregre
1608 3631 2028 3704 proficiscerer.

1137 3750 1255 3807 Sed
1302 3750 1646 3825 priusquam
1691 3751 1770 3806 ad
1816 3751 2091 3826 reliquias
2138 3751 2455 3810 nonnullas
2494 3751 2746 3829 Joannis
2784 3751 3113 3827 Agricolae,
3156 3769 3305 3826 quas
3337 3761 3403 3808 ut
3435 3752 3680 3808 ederem
3711 3751 3964 3820 decrevi,
3998 3752 4430 3811 describendas

726 3873 1035 3940 transierO,
1103 3872 1277 3928 liceat
1319 3871 1478 3938 mihi,
1549 3870 1607 3926 id
1665 3872 1831 3946 quod
1876 3890 1912 3927 a
1956 3872 2231 3928 sollemni
2276 3873 2593 3929 occasione
2637 3890 2764 3928 non
2809 3871 3069 3929 alienum
3119 3872 3431 3940 videbitur,
3480 3873 3558 3929 de
3612 3872 3998 3946 popularibus
4044 3875 4276 3940 nostris
4322 3875 4422 3949 qui

728 3992 871 4048 olim
918 3987 1362 4065 Heidelbergae
1406 3991 1740 4047 studiorum
1786 4008 1997 4048 caussa
2044 3992 2258 4048 versati
2307 4000 2460 4060 sunt,
2504 3993 2710 4067 paucis
2755 3994 2949 4050 verbis
2996 3994 3303 4050 disserere.

1136 4109 1276 4182 Quo
1345 4119 1616 4184 tempore
1666 4109 2192 4186 Heidelbergensis
2259 4121 2402 4169 nata
2462 4122 2552 4170 est
2609 4114 2975 4180 universitas,
3034 4132 3109 4170 eo
3162 4114 3380 4170 nostris
3428 4115 3622 4188 regnis
3668 4131 3803 4169 cum
3850 4112 4226 4170 meridionali
4271 4112 4462 4172 Ger·¹

724 4235 926 4291 mania
974 4252 1104 4290 rara
1149 4234 1396 4290 omnino
1442 4242 1613 4290 erant
1656 4234 2028 4290 commercia.
2138 4233 2459 4291 Desierant
2498 4234 2622 4309 jam
2669 4234 2900 4290 dudum
2949 4234 3084 4307 piae
3131 4251 3239 4307 per
3281 4233 3464 4290 hasce
3513 4234 3783 4308 regiones
3841 4234 4193 4290 nostratium
4248 4250 4421 4307 pere·

723 4355 1107 4429 grinationeS,
1174 4371 1429 4429 quorum
1498 4354 1848 4410 memoriam
1901 4353 2099 4409 adhuc
2175 4362 2373 4410 servat
2444 4356 2625 4411 index
2692 4354 3034 4411 nominibus
3103 4353 3619 4411 Scandinavorum
3686 4353 3866 4410 etiam
3933 4353 4193 4409 virorum
4241 4354 4422 4411 refer·

724 4477 998 4542 tissimus,
1057 4475 1159 4549 qui
1208 4474 1632 4531 monasterium
1678 4475 1739 4529 in
1785 4473 1977 4548 Augia
2024 4473 2229 4531 Divite
2275 4477 2538 4549 positum
2589 4474 2731 4530 olim
2777 4474 3089 4531 visitavere
3116 4469 3177 4549 ¹),
3226 4482 3605 4531 cessaverant
3652 4474 3948 4530 cruciatae
3994 4475 4429 4548 expeditioneS,

725 4595 1068 4670 elanguerat
1100 4596 1363 4669 denique
1393 4594 1491 4650 illa
1532 4594 1610 4650 ad
1655 4595 1831 4669 longa
1869 4594 2081 4651 itinera
2124 4596 2500 4670 propensitas
2529 4594 2796 4669 gentium
2821 4602 3160 4651 nostrarum
3188 4593 3328 4649 inde
3353 4610 3388 4650 a
3417 4593 3646 4668 magnis
3670 4593 4029 4668 populorum
4055 4593 4422 4668 migrationi-

721 4718 833 4772 bus
879 4717 1134 4790 propria.
1228 4715 1484 4771 Romam
1553 4715 1745 4772 solum
1814 4716 2007 4772 clerici
2053 4717 2347 4773 beneficia
2392 4716 2557 4791 apud
2607 4715 2831 4770 curiam
2877 4723 3082 4788 petere
3128 4714 3318 4769 coacti
3381 4731 3842 4788 nonnumquam
3902 4713 4102 4770 adhuc
4157 4715 4421 4771 adibant.

721 4834 983 4892 Studiosi
1029 4843 1323 4892 nostrates
1369 4836 1429 4891 in
1454 4833 1846 4892 Parisiensem
1892 4836 2268 4909 potissimum
2301 4835 2762 4902 universitatem,
2805 4834 3028 4891 deinde
3069 4835 3256 4890 etiam
3293 4834 3353 4889 in
3381 4833 3741 4908 Pragensem
3772 4833 3865 4889 vel
3890 4833 3952 4888 in
3978 4831 4423 4891 Oxfordensem

720 4973 852 5012 sese
901 4955 1173 5013 conferre
1226 4956 1499 5013 solebant
1527 4951 1585 5030 ²).
1684 4955 1946 5030 Lipsiam
1991 4974 2238 5031 quoque
2282 4964 2464 5032 atque
2489 4955 2805 5013 Coloniam
2829 4951 2873 5030 ³)
2922 4964 2981 5012 et
3015 4954 3353 5012 Lovanium
3399 4955 3699 5011 interdum
3747 4953 4063 5011 visitabant
4107 4962 4424 5024 nostrates,

846 5176 887 5236 ¹)
925 5174 1175 5236 Anzeiger
1212 5175 1289 5223 fur
1328 5176 1521 5224 Kunde
1556 5175 1645 5222 des
1681 5173 1951 5223 deutschen
1992 5175 2325 5231 MittelalterS,
2366 5177 2462 5223 IV.
2502 5192 2550 5239 p.
2589 5187 2651 5236 97
2696 5190 2825 5238 sqq„
2865 5174 3198 5237 Antiqvarisk
3239 5172 3512 5221 Tidsskrist
3552 5175 3744 5234 (Haun.
3791 5173 3937 5238 1845)
3973 5189 4021 5238 p,
4065 5188 4124 5240 73
4175 5194 4286 5241 sqq.

845 5261 889 5322 ²)
925 5259 1124 5308 Afferre
1176 5259 1297 5308 libet
1350 5261 1502 5308 verba
1545 5260 1766 5308 canonici
1809 5261 2067 5324 cujusdam
2105 5260 2451 5324 Lincopensis,
2491 5260 2694 5308 Parisiis
2730 5275 2774 5306 a.
2821 5273 2947 5322 1414
2985 5258 3256 5308 versantis:
3335 5259 3502 5323 Major
3535 5266 3614 5308 est
3649 5259 3806 5322 gloria
3839 5261 3993 5319 urbis,
4032 5279 4182 5326 quarn
4221 5278 4424 5311 rumor:

924 5345 1083 5393 immo
1120 5347 1322 5407 Pragae,
1367 5345 1508 5408 cujus
1556 5345 1740 5393 sarnam
1790 5346 1961 5409 putavi
1999 5346 2136 5410 prius
2173 5345 2603 5404 inaestimabilem,
2643 5346 2764 5410 poni
2799 5346 2862 5393 ad
2898 5345 3217 5394 collationem
3255 5361 3368 5393 curn
3407 5345 3612 5393 Parisiis
3649 5360 3754 5393 non
3792 5355 4022 5396 meretur.
4080 5350 4161 5408 (E.
4200 5347 4422 5397 Benzelii

926 5434 1159 5480 Monum.
1201 5431 1452 5479 Historica
1506 5437 1671 5480 vetera
1705 5431 1820 5479 eccl.
1859 5431 2118 5494 Sviogoth.
2193 5432 2385 5496 Upsala
2440 5444 2582 5493 1709,
2634 5447 2665 5493 4
2703 5447 2753 5496 p.
2799 5430 2926 5490 162).
2997 5430 3224 5479 Nomina
3262 5430 3605 5478 studiosorum
3642 5447 3670 5479 e
3707 5431 3887 5489 Dania,
3926 5433 4113 5490 Svecia‚
4151 5433 4424 5497 Norvegia,

924 5519 1011 5583 qui
1051 5520 1250 5581 Pragae,
1289 5517 1550 5565 Ersordiae
1586 5524 1634 5566 et
1674 5517 1941 5566 Rostochii
1978 5518 2157 5566 studiis
2196 5534 2440 5576 vacavere,
2482 5519 2533 5565 in
2578 5518 2869 5567 collectione
2905 5519 3153 5582 leguntur,
3209 5533 3360 5582 quam
3399 5517 3508 5582 ipse
3544 5518 3676 5566 edidi
3715 5519 3995 5578 (Matrikler
4031 5536 4152 5569 over
4185 5520 4424 5569 nordiske

926 5605 1237 5654 Studerende
1275 5604 1368 5651 ved
1406 5603 1678 5652 fremmede
1716 5604 2093 5653 Universiteter.
2132 5605 2249 5652 fasc.
2295 5609 2353 5666 1).

845 5693 888 5754 3)
930 5692 1216 5756 Lipsienses
1254 5707 1282 5739 e
1310 5690 1474 5738 Dania
1510 5698 1560 5738 et
1587 5690 1842 5752 Nor-vegia
1878 5690 2091 5738 studiosi
2128 5691 2177 5738 in
2215 5690 2505 5739 collectione
2542 5689 2934 5754 locupletissima
2971 5690 3186 5739 Danica:
3226 5691 3344 5755 Nye
3375 5691 3791 5740 kirkehistoriske
3823 5693 4103 5753 Sarnlinger
4140 5693 4228 5749 (II,
4252 5708 4299 5756 p.
4324 5704 4420 5755 512

924 5781 1069 5841 sqq.)‚
1144 5776 1471 5826 Colonienses
1510 5776 1696 5836 (seculo
1734 5777 1894 5836 XVI)
1930 5793 1989 5824 ex
2038 5776 2196 5824 tribus
2232 5777 2395 5840 regnis
2432 5777 2616 5825 nostris
2652 5777 2705 5824 in
2734 5777 3017 5840 Norvegica
3053 5777 3369 5827 collectione:
3431 5778 3690 5827 Historisk
3730 5778 4003 5827 Tidsskrist
4041 5779 4123 5825 III
4161 5795 4210 5842 p.
4249 5778 4420 5840 481—

925 5878 1015 5926 49¹
1063 5868 1431 5911 enumerantur.
